S.No.,Order Date,Order Quantity,Sales
1,10/13/2010,6,261.54
2,10/01/2012,49,10123.02
3,10/01/2012,27,244.57
4,07/10/2011,30,4965.7595
5,8/28/2010,19,394.27
6,8/28/2010,21,146.69
7,6/17/2011,12,93.54
8,6/17/2011,22,905.08
9,3/24/2011,21,2781.82
10,2/26/2010,44,228.41
11,11/23/2010,45,196.85
12,11/23/2010,32,124.56
13,06/08/2012,32,716.84
14,06/08/2012,31,1474.33
15,08/04/2012,15,80.61
16,5/30/2011,46,1815.49
17,11/25/2009,16,248.26
18,2/14/2012,44,4462.23
19,2/14/2012,11,663.784
20,4/15/2012,15,834.904
21,4/15/2012,18,2480.9205
22,03/12/2010,13,59.03
23,03/12/2010,21,97.48
24,03/09/2011,33,511.83
25,03/09/2011,38,184.99
26,08/04/2012,30,80.9
27,05/06/2011,23,67.24
28,12/23/2010,25,12028.23
29,11/08/2010,28,370.48
30,10/21/2012,49,278
31,01/01/2011,10,66.54
32,01/01/2011,21,845.32
33,10/10/2011,39,282.07
34,10/10/2011,24,426.037
35,9/23/2010,27,1078.49
36,7/19/2011,39,3554.46
37,10/09/2009,47,191.67
38,10/09/2009,49,5586.33
39,10/09/2009,18,507.64
40,12/09/2010,30,14223.82
41,10/08/2012,5,42.66
42,05/02/2012,21,427.32
43,03/08/2010,8,820.284
44,5/28/2011,5,14.76
45,9/19/2010,9,89.55
46,8/31/2011,11,1210.0515
47,8/31/2011,50,187.83
48,8/31/2011,3,49.59
49,8/31/2011,30,4253.009
50,07/08/2011,7,59.38
51,1/30/2009,42,1285.37
52,01/08/2012,11,48.91
53,11/07/2010,22,129.62
54,4/29/2010,12,118.97
55,12/31/2011,8,61.8715
56,08/12/2009,7,384.33
57,08/12/2009,3,239.03
58,11/12/2011,44,3922.42
59,11/12/2011,25,1733.3625
60,1/20/2012,19,208.28
61,3/20/2009,6,9620.82
62,7/21/2012,40,255.48
63,7/21/2012,18,130.32
64,06/12/2012,11,312.36
65,1/15/2009,41,217
66,1/15/2009,47,296.13
67,06/04/2010,40,436.17
68,2/18/2010,18,136.29
69,11/16/2011,32,1311.25
70,11/16/2011,5,544.41
71,11/16/2011,41,844.09
72,08/07/2011,22,6396.2
73,06/08/2010,50,751.77
74,10/17/2009,37,1003.06
75,8/28/2011,4,1266.72
76,9/29/2011,19,368.04
77,9/29/2011,24,152.6
78,05/04/2012,40,3338.98
79,5/17/2011,5,24.16
80,5/17/2011,41,270.84
81,5/17/2011,35,3389.93
82,5/17/2011,42,266.36
83,5/17/2011,46,89.41
84,11/17/2009,47,2799.7
85,10/10/2011,7,2039.56
86,10/07/2012,36,12175.82
87,10/07/2012,5,101.21
88,10/07/2012,32,1585.64
89,8/13/2011,44,176.26
90,8/16/2011,32,4655.07
91,8/16/2011,44,10087.6
92,8/16/2011,34,1608.08
93,03/04/2009,1,12.18
94,8/18/2009,50,820.52
95,11/16/2010,29,6250.936
96,5/27/2011,25,854.88
97,5/27/2011,46,80.27
98,8/23/2010,15,308.54
99,8/19/2011,20,400.57
100,01/03/2012,14,1170.025
101,11/29/2012,48,5188.86
102,3/17/2012,8,339.81
103,04/12/2010,15,1519.9
104,8/24/2010,30,102.24
105,07/04/2011,6,965.69
106,11/10/2010,25,397.84
107,6/24/2010,4,73.07
108,6/24/2010,26,4679.1
109,9/19/2012,46,8009.5925
110,9/19/2012,23,4689.66
111,12/24/2011,25,3019.41
112,3/23/2012,5,36.86
113,10/15/2011,12,22079.47
114,08/07/2010,24,5407.31
115,03/03/2009,34,74.3
116,02/09/2010,44,21506.77
117,02/09/2010,28,669.02
118,1/17/2009,40,1143.49
119,1/17/2009,46,78.08
120,8/30/2010,19,5297.47
121,8/30/2010,20,95.3
122,09/11/2009,40,460.68
123,09/11/2009,49,318.7585
124,7/16/2009,47,1020.61
125,11/15/2012,44,268.34
126,09/10/2011,6,209
127,04/10/2011,30,501.32
128,04/10/2011,23,275.16
129,04/10/2011,37,1302.99
130,10/09/2011,1,40.1
131,10/09/2011,42,1414.05
132,10/23/2012,34,5350.61
133,01/08/2012,15,310.87
134,1/25/2010,48,9062.73
135,1/25/2010,27,1584.1
136,1/27/2011,42,283.58
137,1/27/2011,39,5403.37
138,1/27/2011,35,82.15
139,8/27/2009,50,2066.16
140,3/17/2011,18,4605.36
141,3/17/2011,42,1753.51
142,06/06/2012,31,426.34
143,04/11/2011,36,1837.44
144,04/11/2011,36,3722.29
145,04/11/2011,4,28.05
146,11/06/2012,32,311.44
147,11/06/2012,17,215.65
148,5/16/2012,3,121.12
149,04/09/2012,8,300.2
150,04/09/2012,29,1364.8025
151,08/05/2012,19,128.21
152,7/22/2009,9,252.79
153,05/09/2010,10,50.97
154,05/09/2010,1,4.99
155,2/18/2009,30,10554.63
156,2/18/2009,8,1749.64
157,6/27/2012,47,1943.72
158,6/27/2012,6,18.37
159,6/27/2012,49,6175.777
160,9/30/2010,6,157.97
161,4/15/2010,25,144.84
162,4/15/2010,20,127.16
163,9/14/2011,4,5472.12
164,9/21/2010,7,1810.67
165,8/17/2010,31,633.56
166,9/16/2009,27,644.4
167,6/22/2009,7,1211.98
168,8/28/2012,27,3316.08
169,06/07/2011,48,207.08
170,06/07/2011,8,234.28
171,06/07/2011,41,1779.8915
172,10/09/2009,30,114.12
173,10/09/2009,15,436.05
174,10/09/2009,49,5247.4835
175,12/05/2010,9,173.417
176,06/07/2009,18,23792.93
177,7/27/2009,21,256.12
178,09/05/2011,30,387
179,01/11/2009,31,1143.45
180,8/15/2010,2,42.31
181,8/15/2010,11,152.67
182,08/05/2009,49,82.61
183,9/17/2011,31,789.94
184,10/22/2011,42,435.24
185,11/14/2009,8,473.7
186,11/14/2009,33,553.5625
187,07/03/2010,32,54.78
188,07/03/2010,47,304.83
189,1/30/2009,31,16066.85
190,3/15/2012,17,618.9
191,08/10/2009,35,1665.0395
192,04/01/2010,21,1049.79
193,04/01/2010,16,817.18
194,7/31/2010,49,465.83
195,5/29/2009,13,241.706
196,10/11/2010,44,275.91
197,5/18/2010,2,30.83
198,02/08/2011,13,121.66
199,12/07/2010,16,108.42
200,12/07/2010,27,78.47
201,01/06/2009,30,26133.39
202,03/12/2012,14,2671.21
203,8/26/2010,26,531.66
204,8/26/2010,28,317.85
205,8/26/2010,42,163.08
206,6/20/2011,38,103.07
207,08/04/2010,1,17.19
208,08/04/2010,27,2689.48
209,08/04/2010,2,15.31
210,11/23/2010,13,270.63
211,11/23/2010,43,6583.913
212,08/02/2009,24,4865.72
213,08/10/2011,23,1003.31
214,08/10/2011,17,6048.18
215,05/06/2010,41,3051.27
216,6/28/2012,47,9633.59
217,6/28/2012,26,3758.77
218,3/23/2011,6,143.78
219,11/19/2011,22,440.92
220,11/26/2012,3,4343.51
221,7/29/2010,29,593.32
222,7/29/2010,26,626.07
223,05/12/2012,24,557.23
224,03/03/2012,7,261.88
225,03/03/2012,15,593.73
226,8/20/2010,49,120.77
227,6/27/2010,22,795.74
228,6/27/2010,31,251.75
229,10/29/2012,36,697.41
230,1/16/2010,30,4684.9
231,6/29/2012,6,905.94
232,08/08/2011,12,270.23
233,08/08/2011,20,660.27
234,2/21/2010,11,32.4
235,6/20/2011,26,4688.9485
236,09/04/2009,8,50.7
237,09/04/2009,10,90.06
238,09/04/2009,22,338.52
239,09/04/2009,48,6109.817
240,6/21/2009,1,34.11
241,02/08/2012,48,538.22
242,03/11/2009,11,1064.23
243,03/11/2009,18,3497.05
244,03/11/2009,44,774.0525
245,06/04/2011,3,74.05
246,03/02/2012,37,5753.85
247,08/12/2011,48,18235.47
248,08/12/2011,16,2631.107
249,09/01/2009,32,209.42
250,1/26/2010,32,324.4
251,1/26/2010,19,137.02
252,09/02/2011,1,232.67
253,09/02/2011,34,4805.92
254,02/07/2012,1,62.26
255,02/07/2012,47,58.53
256,3/19/2011,31,157.79
257,05/08/2011,19,376.21
258,9/25/2009,37,1601.24
259,9/25/2009,40,501.31
260,07/09/2012,2,24.96
261,1/14/2010,31,166.76
262,8/26/2009,2,811.13
263,10/08/2009,15,822.8425
264,11/10/2011,35,3310.9455
265,4/15/2012,10,55.02
266,01/02/2012,10,192.58
267,03/08/2011,40,291.67
268,07/02/2009,50,281.39
269,07/02/2009,49,12593.91
270,4/15/2011,22,6123.94
271,11/25/2011,49,19325.2
272,11/25/2011,48,8380.22
273,4/25/2012,11,35.17
274,3/26/2011,35,17387.65
275,3/26/2011,44,6040.22
276,7/14/2010,17,691.59
277,7/14/2010,45,345.2
278,10/23/2010,36,1955.0765
279,8/24/2009,27,217.93
280,06/09/2011,6,254.76
281,11/23/2012,21,6806.66
282,11/23/2012,3,891.61
283,11/23/2012,5,165.04
284,05/01/2009,2,789.01
285,05/11/2012,4,97.57
286,05/11/2012,31,110.32
287,10/15/2010,26,321.68
288,10/15/2010,34,971.95
289,10/15/2010,23,2149.03
290,7/23/2011,12,3671.3
291,7/23/2011,42,1763.6
292,07/11/2011,14,403.17
293,9/16/2012,15,89.97
294,9/16/2012,28,456.91
295,1/16/2009,46,249.02
296,1/16/2009,41,78.49
297,10/20/2010,4,40.72
298,10/20/2010,27,113.3
299,8/30/2010,8,1219.19
300,8/30/2010,15,28.68
301,05/07/2010,19,3548.67
302,6/21/2011,8,178.78
303,11/24/2010,41,6045.98
304,4/27/2012,3,56.695
305,8/28/2012,24,1350.531
306,7/31/2011,20,100.4
307,7/31/2011,19,327.15
308,10/06/2012,11,30.51
309,10/06/2012,8,127.8
310,02/06/2010,4,242.36
311,02/06/2010,25,802.19
312,02/06/2010,4,63.52
313,10/17/2011,13,371.94
314,8/20/2009,31,349.43
315,8/20/2009,3,58.33
316,8/20/2009,47,10377.22
317,6/14/2010,14,140.66
318,6/14/2010,5,42.89
319,6/14/2010,48,226.5
320,6/14/2010,13,438.93
321,2/27/2010,31,15251.5
322,8/15/2009,13,34.42
323,8/15/2009,26,172.76
324,8/15/2009,50,853.162
325,5/14/2011,6,35.65
326,10/07/2010,49,199.86
327,10/07/2010,18,1888.02
328,10/07/2010,27,322.69
329,10/23/2009,5,22.06
330,10/23/2009,19,12616.2
331,06/09/2010,31,148.17
332,01/10/2011,39,217.25
333,01/10/2011,28,5993.74
334,1/30/2009,23,361.65
335,3/28/2011,45,1038.82
336,3/28/2011,47,564.39
337,11/22/2010,6,826.9735
338,5/30/2011,33,999.226
339,5/13/2012,24,2298.32
340,06/08/2010,24,1168.15
341,11/29/2009,47,181.78
342,09/01/2012,46,1184.32
343,2/26/2010,3,71.94
344,2/26/2010,10,550.61
345,2/26/2010,18,1373.11
346,5/21/2012,32,368.18
347,11/08/2009,16,224.47
348,8/27/2010,1,104.85
349,8/17/2012,47,256
350,8/17/2012,20,6067.76
351,11/09/2012,29,2754.93
352,11/09/2012,15,19417.55
353,06/02/2011,40,4842.21
354,08/10/2011,31,615.58
355,08/10/2011,41,8387.1
356,08/10/2011,6,126.02
357,08/10/2011,30,68.14
358,2/27/2009,14,71.47
359,06/07/2010,10,568.3355
360,2/17/2012,38,2157.3085
361,2/23/2012,26,1363
362,2/23/2012,36,4698.5
363,2/23/2012,16,347.47
364,10/15/2009,23,1404.22
365,3/13/2009,3,17.52
366,03/12/2010,36,4273.8
367,07/07/2009,25,192.18
368,11/21/2012,22,483.96
369,11/21/2012,10,308.363
370,11/21/2012,26,1911.4035
371,03/02/2009,29,862.2
372,9/22/2011,7,120.03
373,7/21/2011,1,18.92
374,7/13/2009,45,237.28
375,3/29/2010,5,324.55
376,3/29/2010,31,8901.78
377,02/06/2010,15,1062.959
378,09/12/2012,35,7468.86
379,12/22/2010,12,710.328
380,5/30/2009,4,3510.82
381,12/21/2012,19,281.84
382,12/21/2012,25,509.52
383,12/21/2012,10,97.02
384,2/14/2012,32,225.16
385,07/03/2010,20,205.33
386,5/16/2011,17,1368.14
387,03/07/2010,42,2475.83
388,4/27/2009,40,2205.7585
389,04/07/2012,21,524.2
390,12/31/2010,39,6553.45
391,02/02/2010,45,497.14
392,02/02/2010,21,917.39
393,4/15/2012,19,110.67
394,4/15/2012,20,1163.123
395,5/19/2010,48,224.58
396,5/19/2010,34,365.77
397,5/19/2010,34,16073.03
398,7/27/2009,15,30.68
399,3/31/2009,1,54.077
400,06/11/2012,27,899.97
401,09/01/2010,40,6789.9275
402,08/09/2012,5,748.29
403,05/07/2010,37,2522.21
404,05/07/2010,28,4181.82
405,8/25/2011,39,680.8585
406,9/21/2010,20,759.84
407,9/21/2010,19,147.39
408,6/30/2012,5,294
409,1/17/2011,34,216.3
410,10/10/2010,12,31.6
411,06/09/2011,43,154.18
412,06/09/2011,18,110.31
413,06/09/2011,41,137.51
414,6/26/2012,27,302.2
415,3/16/2010,46,399.58
416,11/13/2010,8,52.39
417,11/14/2009,12,61.09
418,11/14/2009,48,777.76
419,09/12/2011,4,108.87
420,11/23/2009,48,10051.52
421,07/10/2010,1,97.13
422,03/06/2009,26,1523.5
423,2/17/2011,5,756.15
424,2/17/2011,1,18.15
425,11/19/2011,12,1323.67
426,06/03/2011,17,47.44
427,5/25/2010,2,51.21
428,5/25/2010,20,2195.55
429,5/30/2009,30,3482.41
430,8/30/2012,43,683.46
431,12/16/2011,50,600.22
432,12/09/2009,9,64.0305
433,07/03/2012,49,8551.544
434,12/24/2010,2,291.66
435,5/17/2011,5,503.3275
436,01/11/2012,1,171.71
437,10/03/2011,39,1326.04
438,10/03/2011,22,3881.89
439,03/05/2010,1,17.89
440,03/05/2010,47,137.18
441,11/05/2011,48,617.26
442,11/05/2011,45,13104.992
443,01/05/2009,6,700.73
444,11/25/2010,28,667.55
445,04/08/2011,43,701.46
446,04/08/2011,19,53.94
447,04/08/2011,7,46.94
448,04/08/2011,20,77.99
449,3/31/2010,44,5735.79
450,03/10/2012,47,186.93
451,2/20/2009,41,241.1
452,2/20/2009,49,491.93
453,10/01/2009,10,623.71
454,11/01/2012,44,4263.9315
455,7/21/2011,10,2700.41
456,11/23/2010,20,1583.06
457,02/06/2010,21,756.6
458,01/04/2011,17,207.19
459,01/04/2011,8,88
460,08/02/2009,31,196.74
461,06/05/2010,21,471.24
462,08/02/2009,1,368.66
463,12/28/2010,14,2232.06
464,10/10/2012,7,387.17
465,04/02/2011,28,168.57
466,11/25/2009,50,413.86
467,11/25/2009,31,178.45
468,04/11/2012,1,2728.65
469,2/16/2010,13,735.54
470,9/24/2010,47,1060.0605
471,2/21/2009,39,199.39
472,2/21/2009,11,2770.35
473,11/11/2012,32,1882.12
474,11/11/2012,44,186.94
475,11/11/2012,12,407.2
476,10/27/2011,26,208.6
477,12/16/2009,29,778.38
478,05/07/2010,24,60.36
479,01/08/2011,36,1936.3
480,07/09/2012,4,14.23
481,07/09/2012,39,272.07
482,07/09/2012,5,325.43
483,03/09/2009,42,843.53
484,12/30/2011,23,6641.14
485,12/30/2011,21,10469.03
486,12/30/2011,18,835.55
487,3/29/2009,18,215.93
488,2/13/2011,30,140.24
489,1/28/2011,10,266.94
490,1/28/2011,26,113.85
491,09/08/2012,7,83.81
492,09/08/2012,36,218.81
493,5/18/2009,42,9502.736
494,7/29/2012,32,5686.25
495,7/29/2012,16,797.24
496,4/22/2012,20,963.3
497,7/16/2012,34,94.56
498,9/22/2012,45,712.04
499,5/20/2010,36,283.21
500,5/20/2010,18,45.8
501,12/02/2009,42,557.85
502,06/01/2010,37,4261.94
503,9/25/2010,38,2071.3395
504,11/19/2012,14,222.91
505,12/14/2010,12,1634.98
506,10/25/2012,50,204.11
507,6/17/2010,18,1038.4
508,6/17/2010,1,305.82
509,6/29/2012,46,7441.29
510,02/01/2009,17,55.45
511,8/25/2011,37,4896.93
512,6/20/2009,42,433.68
513,05/03/2010,24,717.29
514,04/07/2009,36,1423.35
515,09/02/2011,30,932.892
516,4/14/2011,36,5977.63
517,2/13/2011,6,906.02
518,2/13/2011,43,170.88
519,7/30/2011,40,434.62
520,08/10/2010,38,871.25
521,08/10/2010,46,537.87
522,04/06/2009,50,608.21
523,10/26/2010,17,285.84
524,10/26/2010,40,12450.48
525,5/26/2012,39,2083.0525
526,5/26/2012,49,233.28
527,5/26/2012,1,47.01
528,09/10/2012,32,3245.73
529,09/10/2012,27,63.02
530,09/10/2012,9,6420.87
531,09/10/2012,25,2407.693
532,3/16/2011,31,109.49
533,6/18/2011,31,283.17
534,01/11/2011,6,17
535,01/11/2011,15,67.41
536,01/11/2011,19,130.67
537,01/11/2011,21,77.62
538,03/05/2009,45,440.39
539,03/05/2009,27,96.99
540,12/14/2009,46,590.43
541,12/14/2009,8,216.33
542,02/02/2009,38,3152.75
543,02/02/2009,42,3609.88
544,8/26/2009,26,188.05
545,03/06/2012,42,1681.6
546,11/19/2009,17,5203.9
547,11/19/2009,33,744.12
548,7/24/2010,48,293.3
549,08/04/2010,9,50.93
550,08/04/2010,44,792.8
551,08/04/2010,14,782.4505
552,03/07/2011,44,226.18
553,10/20/2011,17,1856.9695
554,08/04/2009,43,241.19
555,4/28/2010,30,4177.52
556,4/28/2010,26,3351.08
557,4/22/2009,29,159.11
558,12/04/2011,44,1127.81
559,08/06/2010,27,9293.82
560,08/06/2010,27,80.79
561,9/15/2011,18,925.03
562,10/02/2009,27,566.12
563,03/01/2009,8,327.61
564,6/24/2009,16,178.4
565,6/24/2009,40,115.01
566,1/16/2011,29,181.83
567,1/20/2012,38,952.47
568,1/20/2012,3,171.9635
569,5/21/2010,5,2543.95
570,3/15/2012,3,317.95
571,3/15/2012,8,435.29
572,08/07/2011,34,937.04
573,08/07/2011,17,1616.64
574,5/21/2011,18,404.3
575,5/21/2011,43,11674.968
576,10/11/2010,24,1482.81
577,10/11/2010,23,6693.28
578,12/22/2010,10,309.3
579,07/03/2009,44,444.52
580,5/27/2009,50,742.21
581,6/20/2011,15,896.1805
582,8/22/2012,19,120.56
583,8/22/2012,46,2640.6865
584,1/26/2011,15,8662.34
585,12/03/2012,24,1689.97
586,09/06/2010,20,112.03
587,3/29/2011,6,2528.49
588,3/29/2011,42,1146.11
589,8/20/2010,16,102.5
590,12/02/2010,36,7783.36
591,12/02/2010,21,61.76
592,12/02/2010,36,1280.34
593,3/26/2011,12,76.61
594,12/19/2009,38,1483.44
595,12/19/2009,39,145.68
596,4/29/2011,45,500.48
597,10/24/2010,50,8221.2935
598,10/24/2010,7,1158.26
599,05/12/2010,9,298.52
600,05/12/2010,34,667.35
601,04/11/2010,31,3206.965
602,1/24/2009,30,6654.39
603,1/24/2009,21,4429.69
604,11/17/2010,42,239.35
605,11/17/2010,34,684.66
606,9/29/2010,28,2531.35
607,08/03/2010,15,22.45
608,6/13/2011,44,7765.13
609,05/05/2010,44,2435.32
610,05/05/2010,21,4242.76
611,8/30/2010,1,14.4
612,10/30/2012,16,92.06
613,10/30/2012,33,199.62
614,7/15/2009,40,196.5
615,7/15/2009,1,3672.89
616,7/15/2009,8,46.97
617,08/07/2012,45,20333.816
618,02/01/2009,37,1697.44
619,07/07/2012,15,572.4325
620,3/27/2009,41,322.03
621,3/27/2009,49,2470.84
622,3/27/2009,2,15.26
623,3/27/2009,39,5250.6625
624,9/23/2010,23,10791.38
625,3/28/2011,1,26.68
626,07/01/2009,27,123.46
627,12/11/2010,28,588.54
628,9/16/2009,44,284.38
629,02/04/2011,49,165.51
630,09/11/2010,29,2046.81
631,03/02/2010,10,28.81
632,03/02/2010,35,1445.6
633,03/02/2010,13,119.03
634,9/15/2009,2,34.88
635,12/30/2010,13,1272.83
636,12/30/2010,25,165.36
637,7/25/2011,9,883.37
638,12/23/2009,38,23255.61
639,10/31/2012,8,23.19
640,12/22/2009,31,639.19
641,4/14/2012,4,62.45
642,5/13/2011,42,152.55
643,5/13/2011,36,152.96
644,12/07/2011,19,7608.88
645,12/07/2011,50,1270.03
646,12/04/2010,18,101.34
647,11/24/2009,26,393.59
648,11/24/2009,14,551.18
649,11/24/2009,1,18.73
650,9/13/2011,32,294.04
651,9/13/2011,18,2022.65
652,12/03/2010,24,2289.92
653,12/18/2011,36,1773.86
654,12/18/2011,35,543.22
655,12/18/2011,18,813.9
656,08/09/2012,44,865.27
657,08/09/2012,41,429.28
658,8/24/2010,31,341.71
659,5/22/2011,46,648.26
660,5/22/2011,46,410.43
661,11/18/2012,43,9750.55
662,6/28/2012,39,835.55
663,6/28/2012,38,1799.6115
664,02/04/2009,50,1441.57
665,02/04/2009,20,173.09
666,12/25/2009,38,5016.25
667,9/26/2011,47,945.03
668,9/22/2011,38,325.75
669,9/22/2011,24,136.42
670,2/15/2009,23,93.05
671,2/15/2009,20,154.13
672,2/15/2009,46,18824.42
673,10/11/2009,3,33.64
674,03/10/2011,30,176.15
675,08/11/2012,5,66.43
676,08/11/2012,25,2674.18
677,08/11/2012,50,5513.82
678,08/11/2012,37,241.14
679,12/25/2009,8,365.22
680,6/29/2012,31,3229.66
681,6/29/2012,24,4010.9375
682,1/18/2009,47,672.46
683,5/20/2012,49,8223.07
684,3/19/2009,11,259.69
685,3/19/2009,9,2503.86
686,3/19/2009,29,374.67
687,09/05/2009,11,5155.35
688,11/03/2009,7,538.51
689,3/26/2011,18,3780.43
690,3/26/2011,10,1961.68
691,02/10/2012,20,638.72
692,05/06/2009,37,1599.54
693,05/06/2009,2,942.42
694,11/23/2010,43,1290.2065
695,02/10/2011,43,858.53
696,3/29/2010,34,245.4
697,3/29/2010,47,4177.66
698,09/05/2012,13,63.33
699,09/05/2012,36,1436.55
700,1/31/2011,21,848.2
701,1/31/2011,30,717.21
702,08/07/2009,44,642.8
703,05/05/2012,32,3114.05
704,05/05/2012,27,8161.93
705,05/05/2012,36,1314.65
706,05/05/2012,28,4479.16
707,11/10/2009,13,1072.22
708,11/10/2009,25,342.85
709,11/10/2009,4,62.48
710,6/14/2010,14,1966.26
711,01/07/2012,24,114.17
712,01/07/2012,39,197.11
713,12/19/2010,15,653.871
714,11/29/2012,36,2039.082
715,11/29/2012,16,225.46
716,11/29/2012,38,783.96
717,4/18/2009,36,4711.244
718,9/24/2009,22,1132.54
719,03/11/2011,16,1648.33
720,12/13/2010,13,50.35
721,1/21/2012,48,1494.232
722,01/06/2012,46,1483.49
723,01/06/2012,42,14729.36
724,12/10/2009,42,258.19
725,02/12/2010,17,4621.1
726,02/12/2010,42,460.2
727,6/26/2009,10,155.45
728,02/08/2011,50,343.26
729,2/20/2011,42,134.86
730,09/10/2012,37,3512.9
731,09/10/2012,4,281.5455
732,02/12/2010,23,5186.31
733,02/01/2010,31,983.78
734,9/26/2011,48,410.15
735,9/26/2011,28,135.72
736,08/12/2010,37,589.63
737,8/20/2010,3,336.84
738,8/20/2010,30,397.17
739,5/17/2012,24,2094.12
740,5/17/2012,46,1714.02
741,07/09/2010,34,223.59
742,10/22/2011,30,288.56
743,10/22/2011,14,1892.848
744,7/15/2010,35,6375.28
745,03/04/2011,29,1000.78
746,03/04/2011,35,543.72
747,01/05/2009,6,165.75
748,01/05/2009,11,2021.147
749,05/12/2009,4,42.58
750,2/22/2010,49,4577.18
751,2/22/2010,39,845.9
752,6/23/2011,28,1082.45
753,3/20/2009,9,23.46
754,1/22/2011,34,2154.34
755,7/28/2011,40,1699.52
756,7/28/2011,50,760.85
757,04/03/2010,8,1042.25
758,04/03/2010,29,5010.7415
759,11/21/2010,40,19109.61
760,09/11/2010,25,409.08
761,8/31/2011,48,3397.72
762,8/31/2011,1,449.42
763,06/07/2009,13,59.58
764,3/22/2009,17,642.9
765,3/22/2009,9,47.28
766,9/30/2010,38,6900.13
767,9/15/2010,10,1449.21
768,01/10/2010,32,162.25
769,6/26/2010,27,384.9
770,7/23/2011,14,84.09
771,10/10/2010,43,319.69
772,02/05/2009,48,139.86
773,02/05/2009,6,926.585
774,11/09/2011,4,27.34
775,11/09/2011,23,683.68
776,7/26/2009,26,100.41
777,7/26/2009,48,8101.9875
778,7/26/2009,8,1313.811
779,4/18/2009,28,1350.34
780,4/18/2009,8,861.26
781,4/18/2009,20,1531.411
782,2/24/2012,40,57.24
783,7/28/2012,46,247.21
784,7/28/2012,27,1541.781
785,12/14/2011,2,19
786,12/14/2011,50,8289.51
787,6/13/2010,20,42.22
788,6/13/2010,4,653.44
789,10/01/2010,22,245.96
790,4/27/2012,34,1014.87
791,9/24/2011,18,35.51
792,9/24/2011,39,1105.66
793,6/30/2012,18,78.93
794,11/10/2011,37,608.33
795,11/05/2009,20,155.8
796,2/19/2009,37,226.65
797,2/19/2009,4,10.96
798,2/19/2009,29,185.61
799,03/02/2010,29,1098.506
800,6/28/2009,46,160.27
801,6/28/2009,46,4601.02
802,6/28/2009,15,89.89
803,1/26/2009,30,447.33
804,08/02/2011,23,104.82
805,07/04/2010,6,34.88
806,10/01/2012,17,224.09
807,7/14/2011,7,384.2
808,7/25/2010,23,6366.52
809,07/06/2009,4,31.01
810,07/06/2009,46,331.83
811,07/06/2009,22,446.46
812,07/06/2009,31,1252.89
813,07/06/2009,12,47.79
814,07/06/2009,3,63.84
815,12/11/2012,29,531.063
816,12/11/2012,10,152.84
817,12/01/2011,33,271.14
818,12/01/2011,26,1150.3
819,04/04/2009,49,305.96
820,6/25/2010,2,48.84
821,2/16/2011,37,223.74
822,2/16/2011,2,26.82
823,8/26/2010,23,631.99
824,11/04/2010,23,413.8
825,11/04/2010,36,336.25
826,11/04/2010,22,4001.4685
827,4/28/2009,30,102.95
828,08/06/2009,9,65.81
829,3/18/2009,32,2564.45
830,3/18/2009,7,53.55
831,01/05/2009,5,1244.19
832,10/08/2012,4,207.55
833,11/05/2010,29,1158.45
834,11/05/2010,43,2568.71
835,12/10/2012,14,154.45
836,02/05/2009,23,6133.18
837,9/28/2011,34,2632.4755
838,06/05/2012,43,170.81
839,06/05/2012,31,4726.595
840,9/26/2010,46,3780.16
841,9/26/2010,31,1784.048
842,1/21/2009,46,1482.01
843,10/05/2012,14,91.75
844,10/05/2012,31,346.57
845,3/25/2009,20,234.09
846,9/20/2012,19,82.43
847,9/20/2012,31,295.97
848,9/20/2012,29,94.5
849,02/05/2010,39,1836.06
850,02/05/2010,2,21.03
851,3/19/2010,46,507.64
852,11/19/2011,39,301.36
853,11/19/2011,17,114.28
854,11/19/2011,49,1889.04
855,4/29/2009,49,7002.08
856,04/03/2011,47,91.43
857,4/16/2011,7,27.99
858,4/16/2011,6,21.07
859,6/15/2010,37,102.46
860,6/15/2010,43,1097.6
861,08/09/2009,3,21.64
862,9/20/2009,48,128
863,9/20/2009,5,252.66
864,3/20/2012,16,44.1
865,3/23/2012,45,132.31
866,7/19/2010,47,178.51
867,7/19/2010,15,31.32
868,11/21/2012,28,1538.8655
869,3/27/2009,25,286.07
870,3/27/2009,26,733.92
871,3/27/2009,6,99.11
872,5/14/2010,17,2475.08
873,5/14/2010,49,1610.42
874,10/17/2010,48,5620.2
875,8/24/2010,26,1382.31
876,8/24/2010,46,991.36
877,08/10/2011,19,1410.44
878,9/24/2009,10,268.18
879,9/24/2009,9,477.054
880,10/30/2012,35,738.69
881,10/30/2012,5,1015.4
882,05/07/2010,17,184.09
883,04/09/2011,36,1646.05
884,06/03/2010,46,7807.45
885,5/22/2010,45,261
886,5/22/2010,4,127.56
887,10/25/2012,35,144.06
888,10/25/2012,32,3205.24
889,10/25/2012,46,339.27
890,10/25/2012,9,902.024
891,01/05/2010,34,702.79
892,01/05/2010,44,712.64
893,12/30/2011,40,239.86
894,12/30/2011,48,1269.79
895,2/14/2011,17,1529.014
896,5/28/2010,3,336.84
897,5/28/2010,7,1120.27
898,6/28/2010,47,5677.609
899,03/01/2011,21,1222.68
900,03/01/2011,26,390.2
901,2/27/2012,26,892.38
902,2/27/2012,10,29.41
903,3/19/2012,24,1449.3
904,3/19/2012,43,4374.6865
905,3/19/2012,44,4283.235
906,03/04/2012,7,1874.37
907,03/09/2012,35,1476.39
908,03/09/2012,8,863.583
909,01/05/2010,6,49.55
910,01/05/2010,15,606.56
911,4/21/2012,24,715.4
912,6/17/2009,25,113.75
913,6/17/2009,24,3081.95
914,6/13/2012,41,133.23
915,7/16/2012,50,1406.64
916,5/15/2009,46,3197.45
917,5/15/2009,21,78.57
918,01/02/2011,16,5403.75
919,01/02/2011,1,192.49
920,01/02/2011,24,6408.3
921,01/05/2012,13,2323.36
922,1/23/2009,18,136.41
923,12/24/2011,20,761.23
924,11/20/2012,26,187.16
925,12/29/2012,27,176.1
926,1/31/2010,7,44.05
927,02/04/2009,47,671.03
928,12/24/2011,9,3800.4
929,2/27/2010,2,13.3
930,2/27/2010,27,3379.01
931,2/27/2010,15,687.52
932,2/27/2010,40,4538.66
933,6/25/2012,17,3816.59
934,3/13/2012,10,194.29
935,12/28/2010,34,195.49
936,07/03/2012,13,47.93
937,04/05/2012,47,168.55
938,04/05/2012,26,77.03
939,7/24/2009,20,939.39
940,7/18/2011,3,279.33
941,4/15/2010,5,365.93
942,6/15/2010,1,12.2
943,3/15/2011,36,170.42
944,3/15/2011,3,431.29
945,3/15/2011,48,294.26
946,12/06/2009,3,549.92
947,12/06/2009,26,182.09
948,7/22/2010,7,285.08
949,6/25/2010,46,27875.54
950,6/25/2010,49,2030.44
951,6/25/2010,47,695.99
952,10/08/2011,17,477.5045
953,09/07/2010,44,777.63
954,1/22/2012,40,1500.17
955,1/22/2012,45,377.31
956,04/05/2012,30,204.49
957,12/12/2009,41,5572.92
958,3/23/2012,33,3977.97
959,9/13/2011,45,3116.7715
960,09/05/2012,16,986.272
961,8/21/2010,30,201.37
962,10/26/2012,42,939.77
963,10/06/2010,42,187.28
964,3/13/2010,8,763.6485
965,5/25/2011,45,12457.63
966,05/09/2011,16,32.35
967,05/09/2011,23,116.56
968,1/18/2010,7,117.062
969,12/12/2009,16,72.08
970,12/12/2009,29,10338.93
971,12/12/2009,37,15897.01
972,12/12/2009,8,1265.293
973,1/22/2010,24,2722.85
974,1/22/2010,2,59.93
975,1/22/2010,19,851.52
976,12/09/2012,50,919
977,8/28/2009,25,453.2455
978,11/04/2012,23,6276.83
979,7/20/2010,26,122.51
980,7/20/2010,27,2846.361
981,11/15/2011,39,71.04
982,3/22/2009,16,2232.66
983,08/06/2009,45,177.88
984,08/06/2009,30,139.59
985,3/23/2012,35,253.15
986,4/13/2011,22,83.02
987,4/13/2011,35,10278.79
988,09/06/2011,8,53.14
989,5/23/2012,50,295.37
990,03/04/2012,12,50.69
991,11/03/2009,11,1865.94
992,11/03/2009,43,784.72
993,11/03/2009,24,2343.076
994,08/12/2009,5,627.64
995,07/07/2010,25,67.45
996,11/05/2010,28,199.94
997,05/05/2012,32,1282.49
998,6/23/2010,22,346.42
999,6/23/2010,41,773.44
1000,6/23/2010,43,881.84
1001,6/23/2010,50,5067.5725
1002,7/28/2012,31,2245.78
1003,03/07/2009,20,9418.14
1004,1/24/2011,45,1090.6
1005,8/15/2009,42,1811.3
1006,8/15/2009,43,4095.76
1007,8/15/2009,22,482.37
1008,10/02/2009,43,7036.11
1009,01/01/2012,45,2354.8
1010,01/01/2012,50,187.88
1011,11/27/2009,29,20872.16
1012,08/04/2010,41,152.28
1013,11/08/2010,14,125.54
1014,12/04/2012,36,228.01
1015,03/10/2011,2,57.5
1016,7/16/2009,22,604.38
1017,7/16/2009,45,2404.599
1018,2/22/2009,27,132.36
1019,2/22/2009,42,1498.46
1020,9/21/2012,22,985.29
1021,11/10/2012,6,323.53
1022,11/10/2012,1,65.7475
1023,04/12/2010,17,118.36
1024,8/25/2011,2,29.31
1025,8/25/2011,11,80.26
1026,11/20/2010,34,398.76
1027,6/15/2010,25,67.58
1028,4/14/2012,19,159.24
1029,4/14/2012,6,48.77
1030,4/14/2012,5,26.5
1031,3/18/2012,20,2634.8555
1032,3/18/2012,46,281
1033,05/05/2009,33,4064.05
1034,05/05/2009,47,3213.87
1035,4/18/2012,1,14.68
1036,4/18/2012,11,10145.14
1037,4/18/2012,16,68.45
1038,01/09/2011,3,1326.09
1039,01/09/2011,30,339.49
1040,03/06/2009,10,1187.12
1041,03/06/2009,16,108.31
1042,06/07/2010,36,2051.016
1043,1/16/2012,29,106.78
1044,02/02/2010,25,79.37
1045,8/18/2012,36,218.12
1046,10/06/2012,16,118.38
1047,3/24/2011,45,253.89
1048,10/02/2012,22,1556.87
1049,10/02/2012,33,195.98
1050,10/02/2012,32,9235.97
1051,10/02/2012,48,274.38
1052,8/14/2012,8,17.72
1053,2/26/2011,9,65.61
1054,2/26/2011,21,309.62
1055,11/10/2012,16,4901.99
1056,9/13/2012,30,4305.79
1057,05/10/2012,45,1991.703
1058,12/25/2010,34,2932.99
1059,12/25/2010,45,9194.8
1060,12/25/2010,17,2285.12
1061,3/24/2012,42,355.69
1062,5/20/2009,15,297.05
1063,5/20/2009,7,108.26
1064,6/21/2009,24,67.35
1065,6/21/2009,4,1472.31
1066,08/07/2011,29,857.42
1067,08/07/2011,1,2.24
1068,3/26/2010,22,446.72
1069,3/26/2010,30,1580.6005
1070,12/15/2012,47,16002.29
1071,12/15/2012,9,182.26
1072,12/07/2009,7,3565.27
1073,12/07/2009,50,241.01
1074,12/09/2009,32,209.02
1075,12/21/2010,33,729.92
1076,08/10/2012,32,2593.08
1077,08/10/2012,25,2529.396
1078,11/12/2010,3,441.43
1079,11/12/2010,14,2145.6975
1080,11/12/2010,18,1341.963
1081,05/05/2012,12,1712.66
1082,7/21/2010,20,310.31
1083,05/04/2012,35,246.98
1084,8/24/2010,35,233.39
1085,03/10/2011,23,135.31
1086,11/12/2011,9,181.66
1087,3/22/2012,29,1194.96
1088,11/16/2009,6,184.331
1089,11/16/2009,23,1223.3795
1090,09/05/2009,28,128.69
1091,7/19/2012,17,686.27
1092,8/20/2012,19,242.63
1093,8/23/2010,45,4729.85
1094,12/25/2012,36,4852.05
1095,6/16/2011,5,70.33
1096,6/23/2010,39,677.518
1097,10/29/2010,9,302.05
1098,7/15/2009,24,66.12
1099,4/26/2009,34,109.86
1100,09/04/2011,49,12979.1
1101,9/24/2012,30,2052.82
1102,10/11/2011,46,1905.79
1103,2/17/2012,24,68.88
1104,6/18/2009,11,110.79
1105,5/26/2011,44,823.63
1106,5/26/2011,42,286.73
1107,9/20/2010,44,3819.42
1108,9/20/2010,42,208.78
1109,5/28/2011,6,647.78
1110,7/28/2012,49,2692.6895
1111,7/28/2012,38,151.19
1112,05/05/2012,16,102.73
1113,6/17/2010,4,167.37
1114,6/17/2010,18,1026.6385
1115,7/19/2010,40,2405.4575
1116,07/04/2011,20,2162.8165
1117,06/12/2012,27,399.76
1118,06/12/2012,22,5393.27
1119,4/13/2012,9,264.63
1120,10/25/2012,34,239.3
1121,10/25/2012,38,260.41
1122,08/01/2009,50,3075.83
1123,08/01/2009,24,73.37
1124,08/01/2009,50,527.6
1125,04/11/2012,32,4800.44
1126,04/11/2012,29,271.33
1127,9/20/2011,2,206.68
1128,11/13/2012,19,36.75
1129,11/13/2012,41,1115.2
1130,6/16/2012,6,97.86
1131,2/26/2010,42,173.44
1132,08/11/2009,31,7477.78
1133,08/11/2009,24,270.39
1134,08/11/2009,30,201.35
1135,1/26/2009,5,15.38
1136,11/22/2012,22,43.97
1137,7/21/2012,39,6152.52
1138,04/10/2009,5,20.17
1139,04/10/2009,21,235.98
1140,11/18/2011,19,195.96
1141,1/14/2010,34,6607.92
1142,2/24/2011,30,278.94
1143,2/13/2009,42,8549.04
1144,6/15/2010,15,670.94
1145,10/29/2011,36,9544.18
1146,10/29/2011,8,32.92
1147,10/22/2010,11,336.91
1148,04/08/2011,20,138.52
1149,04/08/2011,11,1735.59
1150,07/09/2012,37,443.35
1151,07/09/2012,41,392.61
1152,07/09/2012,4,30.85
1153,6/23/2012,25,1081.22
1154,6/23/2012,14,36.41
1155,7/16/2010,45,5205.83
1156,7/26/2009,32,3416.38
1157,7/26/2009,14,142.81
1158,8/23/2009,24,4636.62
1159,8/23/2009,20,100.11
1160,08/01/2011,36,5140.08
1161,5/29/2012,14,633.08
1162,5/29/2012,22,110.42
1163,05/06/2010,5,25.34
1164,05/06/2010,11,178.57
1165,10/18/2009,24,265.35
1166,10/18/2009,41,1993.94
1167,10/18/2009,3,24.73
1168,7/15/2010,25,1809.0125
1169,07/12/2009,1,31.96
1170,05/10/2012,25,767.26
1171,05/10/2012,40,253.89
1172,05/10/2012,20,127.9
1173,7/24/2011,44,73.64
1174,8/30/2012,13,603.347
1175,8/30/2012,44,770.53
1176,11/19/2011,40,7813.7
1177,11/19/2011,31,164.92
1178,9/16/2009,8,507.74
1179,9/16/2009,30,12600.99
1180,9/15/2011,47,181.13
1181,1/22/2009,9,206.04
1182,11/03/2009,22,668.39
1183,11/03/2009,16,4657.35
1184,11/03/2009,7,2097.94
1185,5/28/2011,44,246
1186,06/11/2012,23,871.32
1187,1/20/2010,8,468.49
1188,1/20/2010,48,446.53
1189,1/20/2010,5,217.85
1190,05/02/2010,44,4260.73
1191,07/11/2012,22,196.75
1192,07/03/2011,40,1477.39
1193,6/17/2012,37,740.14
1194,12/12/2010,8,16.47
1195,12/12/2010,5,173.62
1196,12/12/2010,50,690.97
1197,4/26/2012,21,2024.0285
1198,08/05/2009,40,4054.058
1199,09/06/2010,34,2833.19
1200,09/06/2010,30,4452.65
1201,9/15/2012,29,321.95
1202,9/15/2012,39,13244.04
1203,7/27/2011,13,1193.62
1204,7/27/2011,47,363.23
1205,6/25/2009,27,2780.88
1206,8/27/2009,16,33.76
1207,8/27/2009,19,3537.39
1208,8/27/2009,18,986.24
1209,8/27/2009,15,81.66
1210,01/10/2011,13,49.74
1211,3/31/2012,21,480.39
1212,4/22/2011,44,11904.55
1213,8/28/2009,33,332.95
1214,08/05/2009,42,447.36
1215,09/05/2012,26,53.93
1216,10/09/2011,9,43.26
1217,10/09/2011,25,174.03
1218,8/22/2010,44,1190.8
1219,08/04/2012,42,121.65
1220,08/04/2012,2,19.02
1221,08/04/2012,2,103.105
1222,12/14/2010,7,263.8
1223,12/14/2010,28,1546.3965
1224,12/24/2009,11,1935.1
1225,10/12/2010,45,18775.76
1226,1/15/2009,48,447.89
1227,04/05/2011,12,189.19
1228,1/20/2012,28,697.5
1229,9/24/2011,7,497.2
1230,10/09/2011,4,198.72
1231,05/04/2011,8,955.29
1232,10/09/2011,10,109.37
1233,10/09/2011,43,1461.1
1234,10/09/2011,1,9.75
1235,04/10/2010,8,184.07
1236,8/19/2012,29,573.97
1237,8/19/2012,39,223.79
1238,07/01/2012,20,129.16
1239,11/20/2009,29,843.55
1240,9/16/2012,40,260.96
1241,9/17/2009,47,263.81
1242,7/21/2010,16,60.76
1243,11/09/2010,29,3636.91
1244,01/10/2011,8,27663.92
1245,12/24/2010,16,2744.361
1246,5/30/2012,49,1201.934
1247,5/30/2012,38,395.84
1248,02/12/2009,31,206.54
1249,09/04/2009,25,318.14
1250,8/26/2010,5,177.05
1251,7/21/2009,40,1184.03
1252,09/12/2011,27,4722.83
1253,3/18/2009,23,130.16
1254,1/27/2010,1,5.06
1255,09/11/2011,4,103.9
1256,02/03/2011,35,1327.59
1257,02/03/2011,39,3401.8
1258,2/15/2011,44,181.61
1259,2/15/2011,35,111.55
1260,03/01/2012,36,1435.95
1261,03/01/2012,28,961.06
1262,08/10/2009,19,146.63
1263,08/10/2009,35,2506.2675
1264,12/13/2010,23,188.54
1265,10/15/2009,19,359.68
1266,10/15/2009,7,131.55
1267,10/15/2009,26,258.11
1268,10/15/2009,9,1288.515
1269,10/07/2009,36,277.88
1270,10/07/2009,13,3939.89
1271,10/07/2009,47,925.3
1272,9/17/2010,48,12072.9
1273,07/03/2009,34,3419.1505
1274,6/15/2010,1,195.04
1275,10/09/2010,32,1859.01
1276,10/09/2010,19,1781.11
1277,10/09/2010,44,185.32
1278,10/09/2010,15,73.41
1279,10/09/2010,28,43.66
1280,9/23/2009,16,130.11
1281,9/23/2009,15,4012.58
1282,9/23/2009,31,1295.54
1283,10/02/2011,24,238.25
1284,3/23/2012,39,403.73
1285,3/23/2012,3,86.85
1286,1/19/2011,15,1795.49
1287,1/19/2011,4,926.58
1288,1/22/2011,4,38.76
1289,3/23/2009,36,551.44
1290,01/07/2011,27,834.0625
1291,6/22/2011,15,417.88
1292,08/03/2011,42,493.56
1293,11/07/2011,18,360.24
1294,11/07/2011,46,1463.27
1295,8/26/2010,44,210.46
1296,3/17/2010,32,195.57
1297,07/07/2009,47,691.52
1298,07/07/2009,37,2756.17
1299,07/07/2009,29,5159.3725
1300,3/27/2009,36,307.65
1301,2/17/2010,11,558.62
1302,02/01/2011,21,556.45
1303,3/17/2012,11,61.46
1304,01/10/2009,31,2137.1
1305,01/10/2009,48,571.17
1306,4/16/2010,24,135.88
1307,03/07/2010,20,857.95
1308,10/16/2012,33,662.21
1309,09/11/2009,36,100.68
1310,10/12/2010,22,846.35
1311,10/12/2010,26,1976.3945
1312,6/19/2011,44,442.72
1313,6/19/2011,6,326.893
1314,11/07/2012,6,22.78
1315,11/12/2011,38,1806.43
1316,05/06/2011,29,1669.88
1317,09/08/2011,29,2018.45
1318,3/21/2011,29,87.68
1319,3/21/2011,46,3732.25
1320,05/11/2010,23,144.55
1321,02/06/2012,13,75.89
1322,12/28/2010,43,586.11
1323,09/08/2011,42,75.14
1324,5/31/2012,27,3874.12
1325,5/31/2012,8,1452.216
1326,09/12/2009,34,840.07
1327,6/17/2012,48,4789.89
1328,12/29/2010,40,430.88
1329,4/30/2011,7,82.06
1330,4/30/2011,41,23281.05
1331,05/03/2010,3,523.11
1332,05/03/2010,29,913.41
1333,8/22/2012,49,213.71
1334,8/22/2012,23,133.66
1335,07/03/2011,7,127.74
1336,07/03/2011,33,325.92
1337,2/22/2010,50,325.24
1338,11/30/2011,40,1765.05
1339,8/13/2010,4,12.8
1340,10/29/2011,3,709.04
1341,10/29/2011,25,978.77
1342,11/28/2009,46,129.44
1343,11/28/2009,32,1829.387
1344,08/02/2011,34,9626.86
1345,11/03/2012,42,813.535
1346,7/21/2011,36,18028.07
1347,10/12/2010,47,1880.8
1348,10/12/2010,42,7143.927
1349,05/10/2012,8,118.98
1350,05/10/2012,31,4910.09
1351,05/10/2012,36,1058.45
1352,02/11/2012,5,820.5645
1353,3/22/2009,5,7486.09
1354,3/22/2009,18,881.32
1355,3/22/2009,5,22.77
1356,10/22/2011,5,220.7875
1357,11/04/2009,20,160.29
1358,01/02/2009,3,124.81
1359,10/28/2012,47,706.68
1360,04/03/2011,24,6408.3
1361,10/05/2009,27,63.71
1362,10/05/2009,14,5388.8
1363,1/30/2012,43,1751.68
1364,1/30/2012,17,86.47
1365,1/30/2012,31,684.5
1366,02/12/2012,27,435.27
1367,02/12/2012,26,723.82
1368,1/19/2012,16,1684.96
1369,1/19/2012,9,1662.048
1370,1/19/2012,42,11460.76
1371,6/25/2009,1,159.51
1372,6/25/2009,30,5015.051
1373,5/28/2011,45,168.66
1374,08/04/2009,34,2560.59
1375,08/04/2009,16,189.04
1376,8/17/2010,37,2116.62
1377,1/22/2009,32,28180.08
1378,03/07/2011,12,27.05
1379,1/31/2010,34,6580.16
1380,03/08/2010,37,5610.84
1381,03/08/2010,20,455.34
1382,03/08/2010,35,2329.646
1383,11/04/2010,36,275.06
1384,9/25/2009,1,27.96
1385,2/13/2009,45,3699.22
1386,2/13/2009,6,48.93
1387,8/19/2011,5,397.55
1388,8/19/2011,34,676.26
1389,03/12/2011,42,451.32
1390,03/12/2011,15,217.66
1391,03/12/2011,5,1374.67
1392,03/12/2011,12,76.42
1393,3/28/2012,27,4891.86
1394,3/28/2012,37,6039.1
1395,3/28/2012,31,206.49
1396,3/28/2012,41,80.54
1397,9/25/2009,8,1217.62
1398,9/25/2009,32,1725.0325
1399,08/12/2012,20,82.97
1400,08/12/2012,25,13701.35
1401,1/31/2012,24,512.83
1402,2/27/2010,35,41.23
1403,6/28/2010,7,381.1995
1404,5/19/2012,32,135.2
1405,1/14/2011,35,5428.49
1406,06/01/2009,41,5178.17
1407,06/01/2009,32,535.24
1408,8/21/2010,32,563.08
1409,2/19/2010,5,192.12
1410,2/19/2010,33,3917.61
1411,2/19/2010,34,2788.04
1412,11/23/2009,4,56.47
1413,12/18/2009,19,216.25
1414,07/06/2009,40,1861.36
1415,07/06/2009,42,937.62
1416,07/06/2009,11,33.02
1417,7/17/2012,5,199.16
1418,06/12/2009,28,967.27
1419,7/19/2012,45,483.74
1420,7/19/2012,27,159.65
1421,3/19/2011,43,7452.137
1422,12/27/2012,37,173.11
1423,12/27/2012,11,86.68
1424,12/27/2012,41,833.51
1425,09/08/2011,9,1031.06
1426,12/08/2010,14,138.31
1427,3/15/2009,17,30.62
1428,10/20/2011,12,2266.7
1429,1/13/2011,23,38.99
1430,8/14/2009,48,80.33
1431,1/31/2009,42,6244.18
1432,1/31/2009,41,239.75
1433,1/31/2009,30,150.2
1434,8/15/2009,5,2019.65
1435,07/03/2009,7,55.81
1436,07/03/2009,38,373.07
1437,04/08/2009,37,161.02
1438,8/18/2012,39,679.95
1439,8/18/2012,44,1579.56
1440,01/10/2009,32,4906.85
1441,07/04/2009,5,2017.5
1442,6/19/2010,21,8468.63
1443,12/16/2012,46,265.88
1444,12/16/2012,1,1500.82
1445,12/16/2012,19,3093.864
1446,9/20/2012,6,232.21
1447,9/20/2012,16,88.3
1448,03/03/2010,26,191.55
1449,03/03/2010,29,938.86
1450,11/01/2010,46,503.17
1451,2/28/2010,14,453.99
1452,05/07/2011,37,284.58
1453,05/07/2011,9,1010.26
1454,07/10/2012,23,990.5
1455,9/29/2011,49,651.9
1456,10/25/2010,27,2575.01
1457,9/17/2010,32,85.49
1458,9/17/2010,15,926.3
1459,11/23/2011,2,68.66
1460,9/13/2012,30,201.09
1461,08/03/2012,17,191.67
1462,11/17/2010,28,2752
1463,11/17/2010,12,72.82
1464,08/10/2012,13,64.46
1465,02/03/2011,50,298.12
1466,12/14/2009,37,4411.5
1467,4/17/2011,29,213.35
1468,09/06/2009,44,447.42
1469,8/16/2012,41,90.88
1470,10/12/2010,4,29.05
1471,7/13/2011,23,1314.64
1472,12/03/2012,49,638.91
1473,7/13/2012,46,2332.23
1474,02/04/2009,33,4610.35
1475,02/04/2009,18,610.07
1476,02/04/2009,14,181.49
1477,12/20/2011,41,248.86
1478,12/20/2011,42,278.01
1479,5/30/2011,50,281.81
1480,10/09/2010,14,243.23
1481,10/09/2010,24,1326.51
1482,03/10/2011,31,127.9
1483,1/22/2010,17,110.74
1484,04/11/2011,26,73.82
1485,4/16/2011,38,154.85
1486,4/16/2011,32,4941.7725
1487,11/27/2010,24,1155.5835
1488,08/09/2010,19,77.57
1489,08/10/2009,44,12689.87
1490,8/26/2010,24,905.32
1491,8/26/2010,16,1702.499
1492,06/07/2011,27,632.55
1493,06/07/2011,48,90.96
1494,06/07/2011,32,1997.13
1495,5/20/2010,10,64.13
1496,12/29/2010,24,492.71
1497,12/29/2010,14,1042.06
1498,09/07/2011,16,760.2485
1499,09/06/2009,43,5041.46
1500,09/06/2009,45,282.98
1501,09/06/2009,27,8817.71
1502,2/25/2009,39,1140.26
1503,2/25/2009,31,2645.8
1504,01/02/2010,32,11103.75
1505,5/31/2012,46,7965.9025
1506,05/12/2009,44,3202.25
1507,05/12/2009,11,81.25
1508,05/12/2009,18,57.17
1509,05/12/2009,12,41.97
1510,05/12/2009,10,35.64
1511,10/22/2010,8,28761.52
1512,6/17/2009,33,750.66
1513,6/17/2009,8,254.32
1514,6/17/2009,42,2149.37
1515,07/10/2011,33,5661.08
1516,12/11/2009,25,334.71
1517,9/27/2009,49,1981.26
1518,1/26/2011,15,1756.46
1519,2/13/2011,8,49.04
1520,2/13/2011,6,2320.35
1521,7/20/2012,26,139.54
1522,7/20/2012,28,199.52
1523,7/20/2012,39,85.66
1524,1/18/2010,14,35.48
1525,1/18/2010,1,15
1526,10/12/2011,18,1758.41
1527,7/29/2010,47,2766.818
1528,10/26/2010,38,689.67
1529,10/04/2012,30,2219.79
1530,10/04/2012,25,237.36
1531,08/07/2012,35,195.23
1532,08/07/2012,35,4051.8
1533,2/19/2011,4,3465.97
1534,2/19/2011,13,1307.88
1535,9/24/2010,13,104.51
1536,12/18/2009,12,1064.7865
1537,04/12/2012,10,131.09
1538,04/12/2012,33,1817.9
1539,06/01/2009,17,124.06
1540,2/16/2011,19,138.05
1541,2/26/2012,29,433.44
1542,07/10/2012,8,55.59
1543,5/17/2012,33,112.36
1544,5/17/2012,16,481.049
1545,1/22/2009,36,562.8
1546,03/04/2011,43,5544.99
1547,6/22/2011,12,2011.6355
1548,6/29/2009,43,260.59
1549,3/27/2012,13,75.27
1550,3/27/2012,31,1184.53
1551,3/27/2012,35,3683.73
1552,05/03/2012,42,364.8
1553,11/19/2011,48,15602.93
1554,11/13/2010,8,1118.82
1555,11/13/2010,48,79.75
1556,12/02/2012,36,10006.28
1557,12/02/2012,36,407.17
1558,10/29/2010,14,199.93
1559,2/23/2009,22,834.81
1560,5/20/2010,39,335.35
1561,7/26/2009,10,1925.83
1562,09/05/2012,15,605.1
1563,7/25/2011,15,113.5
1564,09/08/2011,17,357.43
1565,09/08/2011,21,4754.08
1566,12/16/2009,13,1601.32
1567,8/17/2010,43,264.75
1568,11/13/2010,44,3367.24
1569,11/13/2010,37,5723.24
1570,3/23/2010,27,188.07
1571,12/24/2010,43,1281.28
1572,12/24/2010,13,1940.31
1573,12/24/2010,4,430.848
1574,11/21/2010,40,933.21
1575,02/07/2010,10,748.25
1576,05/08/2009,15,260.39
1577,05/01/2011,50,3904.12
1578,05/01/2011,41,343.64
1579,05/01/2011,42,256.64
1580,7/29/2009,25,185.64
1581,7/29/2009,34,225.98
1582,11/08/2010,1,16.73
1583,8/30/2012,17,518.8
1584,09/06/2009,10,42.67
1585,12/12/2010,32,690.88
1586,06/02/2012,32,824.24
1587,02/05/2011,14,438.47
1588,12/14/2010,11,230.72
1589,12/14/2010,45,293.47
1590,12/14/2010,33,88.7
1591,12/14/2010,23,262.78
1592,12/14/2010,10,142.15
1593,04/04/2012,21,330.22
1594,5/30/2010,6,321.71
1595,10/30/2012,48,5198.12
1596,10/30/2012,23,188.53
1597,10/30/2012,19,718.41
1598,12/05/2009,35,436.98
1599,7/22/2010,4,136.68
1600,7/22/2010,24,1452.48
1601,7/22/2010,19,3555.29
1602,2/21/2010,38,71.12
1603,12/12/2010,9,691.09
1604,12/12/2010,33,713.7
1605,06/05/2011,15,333.3
1606,11/21/2010,27,85.77
1607,11/21/2010,13,149.31
1608,12/18/2011,6,54.3
1609,04/03/2010,1,1409.86
1610,01/11/2012,35,9843.11
1611,01/11/2012,15,7190.06
1612,11/28/2012,38,3701.5205
1613,5/16/2009,27,7333.45
1614,6/26/2012,41,4256.51
1615,6/26/2012,12,503.08
1616,6/26/2012,15,76.94
1617,8/20/2011,37,252.99
1618,10/14/2012,36,17304.85
1619,10/14/2012,20,794.32
1620,08/06/2009,31,163.89
1621,08/06/2009,12,115.45
1622,10/07/2009,2,154.94
1623,10/07/2009,44,1642.642
1624,1/16/2010,4,770.76
1625,08/03/2012,37,270.43
1626,12/31/2011,24,1339.25
1627,07/03/2009,8,1209.37
1628,7/30/2009,23,404.24
1629,7/30/2009,32,1381.88
1630,01/10/2009,43,1307.35
1631,01/10/2009,3,523.58
1632,11/07/2012,19,257.97
1633,02/07/2011,42,619.77
1634,8/22/2010,21,7512.03
1635,03/12/2012,27,2853.8835
1636,11/09/2011,31,240.63
1637,11/01/2012,44,192.33
1638,7/18/2011,3,8.6
1639,9/29/2010,13,1663.83
1640,1/25/2011,24,265.35
1641,6/25/2009,40,7381.19
1642,4/27/2012,25,945.36
1643,11/06/2010,46,9046.33
1644,11/06/2010,43,367.96
1645,11/06/2010,27,159.05
1646,11/06/2010,39,116.14
1647,4/26/2009,18,3344.11
1648,11/05/2012,32,463
1649,09/05/2010,6,90.75
1650,07/03/2011,39,113.09
1651,01/12/2009,27,1603.27
1652,12/19/2009,4,41.53
1653,6/14/2011,3,2222.61
1654,11/21/2010,11,618.1965
1655,12/06/2009,13,5236.14
1656,12/06/2009,11,74.02
1657,05/07/2010,47,198.08
1658,2/20/2011,28,1553.66
1659,2/20/2011,30,3276.9965
1660,9/14/2010,26,363.16
1661,9/14/2010,45,12571.63
1662,9/14/2010,21,128.86
1663,9/14/2010,45,17884.53
1664,12/04/2011,5,54.8
1665,12/04/2011,40,1038.19
1666,8/14/2012,9,51.75
1667,8/18/2011,34,772.56
1668,01/06/2011,16,108.73
1669,05/10/2009,49,309.46
1670,01/04/2010,3,876.75
1671,5/22/2011,22,1168.28
1672,1/24/2012,31,614.35
1673,1/24/2012,1,3.63
1674,1/24/2012,31,172.99
1675,7/21/2010,29,1935.25
1676,7/21/2010,13,278.5
1677,7/21/2010,42,5423.58
1678,11/06/2011,26,1196.7915
1679,07/05/2012,46,325.97
1680,07/05/2012,10,49.65
1681,03/02/2012,45,1375.3765
1682,9/16/2011,42,642.1
1683,7/14/2009,47,945.86
1684,7/14/2009,12,2340.504
1685,10/29/2011,33,94.39
1686,1/15/2011,32,249.59
1687,10/14/2010,39,110.36
1688,11/04/2009,9,58.98
1689,07/02/2009,9,1455.04
1690,03/02/2012,30,11041.42
1691,02/04/2011,32,73.55
1692,02/04/2011,46,4804.0385
1693,3/18/2011,14,76.06
1694,3/18/2011,50,18056.68
1695,7/24/2010,42,372.69
1696,10/17/2012,11,65.5
1697,11/27/2011,14,136.85
1698,11/27/2011,1,12.74
1699,03/05/2009,5,185.79
1700,03/05/2009,9,196.41
1701,03/05/2009,9,186.67
1702,1/25/2012,12,480.73
1703,1/25/2012,25,159
1704,05/08/2010,32,171.52
1705,9/28/2009,16,84.01
1706,07/02/2012,23,445.17
1707,10/04/2010,37,2329.4
1708,5/26/2009,9,106.05
1709,5/26/2009,45,698.1
1710,2/20/2010,40,1370.49
1711,12/04/2010,5,39.44
1712,12/04/2010,3,11.01
1713,08/05/2010,26,195.51
1714,08/05/2010,38,377.13
1715,12/09/2011,4,170.45
1716,12/09/2011,28,350.42
1717,02/04/2009,40,69.66
1718,5/28/2012,6,112.4
1719,5/28/2012,23,249.64
1720,08/05/2012,11,1255.48
1721,08/05/2012,46,411.56
1722,6/19/2009,3,46.46
1723,03/02/2010,32,303.59
1724,03/02/2010,36,191.6
1725,03/11/2009,36,317.59
1726,09/07/2011,16,48.37
1727,7/23/2010,47,1005.74
1728,7/23/2010,37,6477.7395
1729,04/07/2009,14,244.85
1730,3/23/2012,21,316.35
1731,08/09/2010,11,109.37
1732,6/29/2011,50,6206.16
1733,6/22/2009,50,15383.7
1734,6/22/2009,31,1637.457
1735,1/21/2012,16,1554.53
1736,12/07/2010,1,356.95
1737,12/07/2010,17,112.86
1738,12/07/2010,38,2063.42
1739,09/02/2012,24,116.82
1740,09/02/2012,45,483.64
1741,06/06/2010,4,33.64
1742,06/06/2010,29,701.94
1743,12/14/2010,33,126.88
1744,12/14/2010,42,906.64
1745,12/14/2010,45,882.96
1746,12/14/2010,3,58.14
1747,05/10/2010,39,1538.33
1748,05/10/2010,39,147.46
1749,04/12/2011,4,473.88
1750,04/12/2011,50,849.031
1751,1/29/2009,4,1042.63
1752,12/12/2009,32,270.73
1753,1/25/2012,30,251.11
1754,06/12/2012,21,64.44
1755,04/06/2009,16,77.96
1756,04/10/2009,29,9492.92
1757,9/24/2009,2,45.64
1758,6/30/2011,21,2954.14
1759,6/30/2011,34,3375.3075
1760,01/03/2009,15,85.56
1761,01/03/2009,8,754.6555
1762,6/24/2010,19,108.21
1763,4/22/2012,1,36.31
1764,4/22/2012,18,388.15
1765,4/22/2010,11,231.27
1766,05/03/2011,15,150.33
1767,12/12/2010,40,240.18
1768,12/12/2010,45,529.28
1769,04/11/2009,47,887.45
1770,04/11/2009,7,355.97
1771,3/15/2011,44,9499.3
1772,12/20/2011,36,2544.985
1773,3/23/2012,13,728.025
1774,5/14/2011,9,79.25
1775,06/11/2009,26,1495.184
1776,3/30/2011,7,23.84
1777,4/19/2011,8,709.37
1778,4/19/2011,19,59.76
1779,02/06/2009,45,7548.65
1780,02/06/2009,24,1318.8685
1781,6/23/2009,23,4514.86
1782,6/23/2009,30,79.14
1783,02/05/2011,17,112.57
1784,02/05/2011,43,1562.69
1785,5/31/2011,32,1974.66
1786,5/31/2011,3,73.44
1787,07/05/2012,3,12.11
1788,9/19/2010,33,2667.92
1789,9/19/2010,15,2236.15
1790,12/20/2012,45,4165.04
1791,7/21/2011,17,117.33
1792,03/07/2010,1,49.61
1793,7/19/2010,1,21.45
1794,7/19/2010,44,5347.13
1795,06/12/2009,36,4581.41
1796,04/11/2009,35,430.55
1797,5/20/2010,20,148.31
1798,10/13/2012,37,191.36
1799,6/14/2009,11,65.7
1800,2/26/2009,22,127.33
1801,2/26/2009,24,990.1
1802,4/15/2012,5,28.32
1803,6/20/2010,42,213.75
1804,6/22/2011,24,7547.14
1805,6/22/2011,2,224.32
1806,6/22/2011,15,311.98
1807,6/24/2012,3,14.49
1808,7/16/2009,18,243.51
1809,7/16/2009,22,755.6
1810,7/16/2009,45,592.73
1811,1/27/2009,36,100.87
1812,2/28/2010,33,9473.31
1813,1/30/2012,39,796.08
1814,01/10/2011,12,69.98
1815,01/10/2011,35,418.34
1816,01/10/2011,3,17.7
1817,01/10/2011,12,45.61
1818,4/28/2009,28,129.33
1819,4/28/2009,46,2461.23
1820,9/13/2009,48,8295.29
1821,9/27/2011,43,6477.459
1822,6/23/2010,31,295.45
1823,2/22/2010,5,16.24
1824,06/07/2012,16,28.65
1825,06/07/2012,12,201.535
1826,1/21/2010,13,81.68
1827,01/07/2010,21,147.16
1828,01/07/2010,19,50.07
1829,01/07/2010,32,6982.87
1830,12/01/2012,17,464.59
1831,12/01/2012,47,316.68
1832,12/10/2012,23,172.9
1833,11/18/2012,4,32.72
1834,12/15/2012,46,517.93
1835,10/27/2012,24,2443.85
1836,07/11/2012,36,233.43
1837,07/09/2012,27,9418.73
1838,07/09/2012,1,5.68
1839,07/09/2012,42,174.59
1840,07/09/2012,13,1265.497
1841,4/25/2011,8,57.04
1842,12/31/2011,45,11532.99
1843,12/31/2011,18,146.1
1844,7/17/2009,47,1505.57
1845,1/16/2010,33,126.38
1846,1/16/2010,4,33.1
1847,7/16/2009,37,288.55
1848,5/15/2010,29,357.96
1849,11/19/2009,4,582.59
1850,02/10/2010,18,1297.4485
1851,10/18/2012,27,79.44
1852,10/18/2012,5,110.03
1853,03/08/2009,50,2451.41
1854,03/08/2009,11,851.24
1855,10/12/2012,26,3505.6
1856,10/09/2010,22,96.75
1857,07/03/2011,47,5051.89
1858,12/12/2009,2,302.91
1859,12/12/2009,29,842.6135
1860,12/18/2012,44,117.97
1861,10/23/2010,12,2237.76
1862,10/23/2010,4,20.59
1863,10/23/2010,19,281.74
1864,10/23/2010,23,217.35
1865,10/23/2010,15,2746.57
1866,2/14/2009,4,256.77
1867,01/05/2012,33,154.44
1868,8/16/2012,17,822.91
1869,04/10/2012,31,89.18
1870,04/10/2012,50,1540.285
1871,12/06/2009,14,87.23
1872,9/25/2010,21,187.14
1873,9/25/2010,12,385.7
1874,9/25/2010,46,1048.39
1875,01/09/2009,9,45.87
1876,10/19/2012,22,321.91
1877,10/19/2012,2,132.96
1878,10/19/2012,24,3268.7515
1879,04/06/2011,20,2227.34
1880,01/11/2011,24,1965.21
1881,8/28/2012,42,2004.6
1882,4/22/2011,3,28.11
1883,4/22/2011,14,27.06
1884,06/10/2009,14,132.72
1885,4/26/2011,46,400.25
1886,3/14/2012,18,611.71
1887,6/29/2011,27,135.86
1888,01/05/2009,21,4201.08
1889,01/05/2009,41,8958.46
1890,01/05/2009,33,4913.7
1891,03/08/2010,22,119.63
1892,03/08/2010,40,177.92
1893,1/18/2011,41,230.29
1894,1/18/2011,27,1592.0415
1895,4/27/2009,13,150.13
1896,10/05/2011,6,338.89
1897,10/05/2011,25,362.52
1898,01/07/2009,11,607.597
1899,9/25/2010,32,117.78
1900,9/25/2010,35,2463.2405
1901,4/29/2012,41,2251.9135
1902,8/24/2010,48,705.44
1903,8/24/2010,29,1041.72
1904,3/16/2009,14,211.88
1905,4/15/2010,32,1031.23
1906,2/20/2010,23,116.57
1907,12/22/2010,21,3323.44
1908,12/22/2010,5,27.9
1909,3/30/2010,18,7556.61
1910,3/30/2010,33,47.48
1911,9/29/2010,10,8704.08
1912,9/29/2010,41,24051.49
1913,06/11/2009,3,21.46
1914,06/11/2009,24,1388.628
1915,6/21/2009,24,2920.83
1916,6/21/2009,42,262.3
1917,10/04/2009,17,103.72
1918,10/04/2009,4,185.15
1919,1/19/2012,50,6628.55
1920,2/27/2012,33,9758.7
1921,07/12/2012,17,128.5
1922,06/01/2012,35,6739.92
1923,3/14/2010,16,2723.1
1924,3/14/2010,20,347.2675
1925,02/02/2010,1,5.7
1926,05/12/2012,3,26.23
1927,3/15/2012,8,33.39
1928,05/12/2012,9,187.13
1929,05/12/2012,46,2255.1945
1930,01/02/2010,34,70.25
1931,8/17/2009,11,59.03
1932,8/17/2012,10,987.54
1933,9/28/2012,27,1823.04
1934,3/20/2012,6,256.6
1935,6/26/2010,19,39.42
1936,6/26/2010,45,1305.31
1937,08/09/2009,8,238.74
1938,6/16/2010,46,134.81
1939,6/16/2010,34,5488.5265
1940,10/21/2009,13,52.38
1941,12/21/2010,48,14556.67
1942,3/28/2009,48,522.97
1943,3/28/2009,48,199.46
1944,04/02/2011,32,513.74
1945,04/02/2011,4,36.8
1946,12/21/2009,27,2609.53
1947,2/14/2010,29,1576.223
1948,9/25/2011,23,8127.51
1949,9/25/2011,33,5352.9345
1950,12/08/2010,37,17717.34
1951,10/19/2010,33,1646.47
1952,12/30/2010,45,260.37
1953,08/03/2010,33,3268.56
1954,06/08/2012,24,115.54
1955,9/15/2011,23,166.8
1956,9/15/2011,38,261.38
1957,3/23/2009,20,103.39
1958,3/23/2009,28,435.39
1959,3/25/2010,5,29.66
1960,1/17/2009,25,280.43
1961,7/14/2012,23,5126.3
1962,12/27/2009,13,88.17
1963,12/27/2009,15,4760.02
1964,10/22/2011,27,1502.66
1965,3/17/2011,32,3812.73
1966,10/26/2010,47,2029.75
1967,10/26/2010,11,1118.396
1968,6/13/2009,16,1239.6315
1969,7/19/2011,45,356.7
1970,1/22/2010,39,4913.69
1971,1/22/2010,24,464.77
1972,11/21/2009,18,173.2
1973,10/07/2011,18,125.16
1974,03/08/2010,50,1246.52
1975,4/19/2009,38,132.07
1976,2/19/2012,41,341.36
1977,6/17/2011,15,1297.304
1978,5/18/2012,49,2047.58
1979,5/18/2012,1,56.61
1980,12/14/2009,3,302.36
1981,3/14/2012,45,186.44
1982,09/12/2011,40,102.56
1983,09/12/2011,3,15.87
1984,10/21/2010,14,34.59
1985,10/21/2010,29,5029.216
1986,4/29/2012,14,3363.14
1987,03/11/2012,7,16587.13
1988,03/11/2012,9,507.98
1989,11/14/2011,31,142.97
1990,3/16/2011,4,17.12
1991,9/22/2011,21,8185.89
1992,11/22/2009,27,259.72
1993,11/22/2009,34,54.69
1994,9/28/2010,38,1143.35
1995,10/06/2011,38,391.42
1996,9/29/2009,6,49.04
1997,12/28/2009,32,3730.54
1998,3/30/2010,29,352.55
1999,3/30/2010,32,719.64
2000,04/11/2011,38,3821.039
2001,06/03/2009,23,2508.673
2002,1/28/2010,47,4888.14
2003,1/28/2010,27,63.87
2004,3/17/2011,2,885.94
2005,01/05/2012,10,120.53
2006,5/24/2009,34,5261.73
2007,5/16/2010,7,75.72
2008,5/16/2010,38,225.21
2009,12/01/2009,29,194.29
2010,12/01/2009,33,1621.1
2011,05/01/2011,20,156.47
2012,07/01/2011,38,1559.5
2013,5/20/2012,21,1002.77
2014,5/20/2012,17,178.14
2015,11/02/2009,16,457.68
2016,03/01/2009,37,434.77
2017,8/15/2012,38,218.77
2018,01/04/2009,17,63.34
2019,01/04/2009,42,151.35
2020,10/13/2009,12,153.44
2021,06/05/2010,46,4335.34
2022,06/05/2010,15,1150.5345
2023,2/23/2012,31,199.8
2024,2/23/2012,24,68.97
2025,10/31/2012,13,1735.94
2026,10/31/2012,2,337.6
2027,4/23/2009,50,2348.66
2028,4/23/2009,19,2657.12
2029,4/23/2009,49,9579.62
2030,8/16/2009,1,192.49
2031,11/24/2009,48,1210.02
2032,01/10/2010,21,111.66
2033,01/10/2010,24,231.95
2034,9/16/2009,10,156.15
2035,10/23/2010,47,1968.47
2036,12/20/2009,23,1082.43
2037,6/22/2011,29,482.91
2038,6/22/2011,23,2969.6365
2039,8/17/2010,26,165.37
2040,8/17/2010,38,1785.74
2041,4/20/2010,44,2339.52
2042,4/20/2010,46,533.25
2043,2/24/2010,18,102.06
2044,2/24/2010,15,101.82
2045,12/09/2011,37,686.2
2046,12/09/2011,42,1274.5155
2047,12/12/2010,48,10341.47
2048,12/12/2010,2,55.21
2049,12/12/2010,9,38.3
2050,11/30/2009,3,561.65
2051,11/30/2009,2,55.6
2052,11/30/2009,22,2431.13
2053,11/30/2009,27,113.4
2054,07/06/2011,12,515.65
2055,06/11/2012,46,5023.2535
2056,03/08/2010,2,25.52
2057,04/08/2009,34,1562.97
2058,12/02/2012,22,66.19
2059,7/18/2011,39,141.49
2060,7/18/2011,31,211.55
2061,7/22/2009,32,136.2
2062,11/15/2009,12,81.43
2063,11/15/2009,39,883.15
2064,6/15/2012,35,750.03
2065,10/13/2010,22,971.82
2066,12/04/2009,3,292.96
2067,12/04/2009,13,2206.991
2068,04/03/2012,18,2703.37
2069,04/03/2012,39,1538.17
2070,5/21/2009,36,281.71
2071,08/11/2010,7,37.3
2072,4/27/2012,47,1446.97
2073,2/20/2010,36,711.1
2074,2/20/2010,48,498.16
2075,8/14/2009,24,158.78
2076,8/14/2009,46,3296.062
2077,03/07/2010,8,351.49
2078,03/07/2010,16,74.13
2079,03/07/2010,45,195.03
2080,02/12/2009,22,3220.58
2081,02/12/2009,14,2367.99
2082,09/10/2011,5,522.06
2083,09/10/2011,37,1218.08
2084,01/10/2009,24,199.12
2085,01/10/2009,19,63.14
2086,01/09/2011,39,268.94
2087,01/09/2011,38,847.82
2088,09/05/2012,40,1992.45
2089,02/12/2009,15,103.62
2090,02/12/2009,20,124.84
2091,02/10/2010,10,633.13
2092,08/09/2011,3,10.33
2093,08/09/2011,2,14.39
2094,7/20/2010,15,6933.45
2095,7/20/2010,14,54.99
2096,1/19/2011,9,42.21
2097,7/23/2011,50,514.86
2098,10/20/2009,44,14521.39
2099,10/20/2009,39,3925.9715
2100,04/08/2011,31,894.64
2101,06/10/2011,39,158.97
2102,06/10/2011,49,138.96
2103,02/05/2012,22,75.19
2104,12/24/2010,28,51.14
2105,9/28/2009,42,1737.06
2106,03/10/2012,46,2430.34
2107,03/10/2012,36,218.6
2108,10/13/2009,31,1401.75
2109,10/30/2012,28,80.53
2110,03/12/2012,32,236.45
2111,9/23/2012,4,2951.97
2112,4/29/2011,48,2283.22
2113,4/29/2011,49,11365.616
2114,5/20/2011,37,258.54
2115,5/20/2011,41,4610.2895
2116,10/28/2011,39,110.38
2117,7/21/2012,5,489.07
2118,11/25/2009,49,848.92
2119,11/25/2009,24,6930.97
2120,11/25/2009,13,2219.7325
2121,07/12/2012,45,311.65
2122,07/12/2012,28,101.19
2123,1/13/2010,26,981.9
2124,08/05/2010,40,1567.51
2125,08/05/2010,17,1914.65
2126,04/05/2012,43,87.31
2127,3/16/2012,13,83.31
2128,11/02/2009,43,235.09
2129,11/02/2009,10,187.46
2130,04/10/2011,45,4598.73
2131,04/10/2011,45,2673.08
2132,04/10/2011,12,396.69
2133,01/07/2009,30,610.65
2134,01/07/2009,2,158.04
2135,10/29/2012,50,1298.81
2136,11/06/2009,27,442.57
2137,11/06/2009,5,53.737
2138,09/08/2012,12,1207.08
2139,09/08/2012,11,2618.112
2140,08/12/2009,1,52.0965
2141,7/31/2009,31,3945.95
2142,7/31/2009,33,5394.4
2143,9/18/2009,27,233.92
2144,9/18/2009,28,1642.05
2145,12/25/2012,16,279.327
2146,12/25/2012,5,539.206
2147,09/11/2012,34,125.46
2148,8/13/2010,33,47.99
2149,8/13/2010,23,829.617
2150,9/29/2009,5,616.1055
2151,10/18/2012,18,33.21
2152,03/12/2011,26,583.56
2153,03/12/2011,47,281.47
2154,5/24/2011,42,539.06
2155,5/20/2009,25,751.52
2156,5/20/2009,36,220.48
2157,5/20/2009,21,1259.4535
2158,03/10/2011,23,450.39
2159,03/10/2011,17,1193.1195
2160,5/18/2009,47,3596.36
2161,08/11/2009,4,16.6
2162,08/11/2009,5,25.1
2163,09/11/2010,38,553.02
2164,06/07/2012,38,437.86
2165,2/26/2011,17,155.17
2166,01/12/2012,27,145.93
2167,04/01/2012,6,2478.88
2168,02/07/2011,37,3351.55
2169,10/24/2011,30,532.11
2170,7/29/2010,32,216.79
2171,10/07/2011,41,258.13
2172,05/06/2012,37,5382.24
2173,05/06/2012,30,1035.95
2174,3/28/2012,26,233.03
2175,8/29/2012,3,18.7
2176,8/29/2012,39,140.74
2177,2/14/2011,27,304.98
2178,2/14/2011,34,104.24
2179,2/14/2011,27,198.13
2180,2/14/2011,25,4366.348
2181,04/06/2010,33,476.06
2182,12/21/2011,29,1756.11
2183,10/09/2009,10,1136.47
2184,10/09/2009,2,325.81
2185,7/30/2011,39,307.42
2186,7/30/2011,48,608.29
2187,2/16/2011,45,1009.8
2188,2/16/2011,12,29.71
2189,09/05/2012,30,4587.926
2190,09/05/2012,42,4541.924
2191,08/10/2012,26,6163.52
2192,11/09/2012,7,1278.6465
2193,11/21/2009,5,66.63
2194,1/22/2010,12,345.19
2195,7/30/2010,2,13.44
2196,7/30/2010,24,1049.49
2197,02/03/2010,41,2354.4
2198,02/03/2010,2,35.6405
2199,06/11/2011,22,127.56
2200,3/26/2012,7,81.58
2201,11/18/2012,45,13921.6
2202,11/18/2012,40,467.5
2203,04/09/2010,8,38.56
2204,9/30/2010,3,22.06
2205,1/27/2011,48,1760.35
2206,1/27/2011,37,1436.94
2207,1/27/2011,18,125.8
2208,1/27/2011,35,5797.68
2209,12/18/2011,20,941.13
2210,1/25/2011,18,693.06
2211,1/25/2011,41,4475.03
2212,9/17/2010,35,299.68
2213,12/30/2012,37,257.46
2214,07/09/2012,27,311.21
2215,4/22/2011,18,340.6885
2216,4/17/2012,37,709.91
2217,6/16/2011,44,365.24
2218,07/04/2011,18,99.36
2219,07/04/2011,49,510.15
2220,07/04/2011,27,735.09
2221,7/30/2009,7,211.7435
2222,04/12/2011,40,167.46
2223,3/20/2012,33,141.7
2224,12/19/2012,31,1772.2245
2225,3/15/2009,13,396.04
2226,11/22/2010,25,14240.76
2227,11/22/2010,38,167.41
2228,3/15/2010,11,1612.93
2229,03/02/2010,20,393.31
2230,9/15/2011,20,845.7
2231,9/15/2011,25,467
2232,9/15/2011,36,64.43
2233,11/24/2010,7,37.8
2234,11/24/2010,30,183.28
2235,9/14/2010,16,2826.9
2236,9/14/2010,37,7834.77
2237,9/14/2010,18,127.56
2238,08/07/2011,48,385.99
2239,04/02/2011,14,97.93
2240,04/02/2011,4,25.52
2241,04/02/2011,46,487.5
2242,8/24/2009,35,146.15
2243,8/24/2009,14,877.47
2244,7/21/2010,24,269.57
2245,7/21/2010,18,98.94
2246,04/10/2009,29,203.4
2247,9/17/2009,35,4186.53
2248,9/17/2009,36,6057.27
2249,04/06/2012,29,67.87
2250,04/06/2012,33,542.24
2251,04/06/2012,38,15174.95
2252,04/06/2012,45,1084.12
2253,2/22/2010,49,235.12
2254,2/22/2010,2,1814.82
2255,9/19/2012,30,318.56
2256,3/22/2010,43,1511.7
2257,10/20/2010,43,7286.65
2258,3/21/2010,15,30.38
2259,07/07/2012,30,121.19
2260,04/09/2011,21,48.01
2261,02/07/2011,42,3900.531
2262,02/07/2011,35,248.42
2263,10/18/2010,31,109.78
2264,08/04/2010,20,191.43
2265,08/04/2010,34,1234.85
2266,03/08/2012,17,105.85
2267,03/08/2012,19,179.33
2268,11/11/2012,17,378.08
2269,11/11/2012,24,731.71
2270,6/29/2009,34,285.06
2271,2/16/2009,37,311.66
2272,2/16/2009,15,9862.51
2273,12/27/2010,34,126.62
2274,11/25/2010,37,1575.14
2275,11/25/2010,16,187.78
2276,11/25/2009,7,86.29
2277,8/19/2012,46,1753.75
2278,3/24/2009,42,580.56
2279,3/29/2012,50,1507.16
2280,12/16/2011,49,371.95
2281,12/16/2011,22,96.07
2282,8/27/2010,39,3460.5625
2283,12/10/2011,32,7341.96
2284,10/19/2012,28,269.28
2285,10/28/2011,19,2536.18
2286,10/28/2011,20,38.56
2287,10/28/2011,35,764.32
2288,2/13/2012,15,136.49
2289,9/29/2010,25,205.3
2290,9/29/2010,4,125.7
2291,11/18/2010,33,2701.69
2292,11/09/2009,4,30.47
2293,10/23/2009,12,2230.97
2294,10/23/2009,25,200.77
2295,8/14/2010,13,71.57
2296,8/14/2010,32,2062.75
2297,10/18/2011,14,12805.25
2298,10/18/2011,49,1435.32
2299,9/24/2012,34,4581.54
2300,03/04/2011,50,11266.4
2301,03/04/2011,15,71.61
2302,03/04/2011,2,10.43
2303,5/25/2010,30,129.71
2304,8/13/2010,45,161.67
2305,09/10/2010,6,36.65
2306,09/10/2010,44,964.09
2307,04/05/2009,26,564.98
2308,04/05/2009,18,129.48
2309,1/28/2012,41,2380.5695
2310,2/23/2009,17,240.87
2311,2/23/2009,30,1025.02
2312,8/30/2011,28,1491.8265
2313,12/19/2010,26,141.4
2314,12/19/2010,6,303.909
2315,3/24/2010,32,6245.76
2316,5/25/2012,45,3638.27
2317,5/25/2012,37,1326.69
2318,12/12/2009,28,14475.74
2319,12/12/2009,3,306.6205
2320,11/30/2010,24,527.25
2321,05/04/2011,21,210.86
2322,2/15/2010,8,631.73
2323,4/20/2011,23,490.17
2324,4/20/2011,42,206.2
2325,7/14/2010,48,414.42
2326,2/15/2012,13,542.6
2327,9/14/2009,26,125.01
2328,09/12/2009,33,60.92
2329,09/12/2009,8,387.17
2330,05/08/2012,19,4201.47
2331,05/08/2012,17,55.66
2332,05/05/2009,47,5567.79
2333,05/05/2009,10,503.2935
2334,05/05/2009,32,796.03
2335,4/17/2011,47,1980.37
2336,4/17/2011,13,642.66
2337,5/21/2009,44,92.86
2338,6/25/2010,38,9013.58
2339,6/25/2010,26,175.42
2340,10/26/2012,16,464.695
2341,7/17/2010,29,184.77
2342,5/14/2012,32,931.08
2343,6/13/2009,29,877.97
2344,09/04/2012,38,1112.54
2345,6/27/2010,14,125.31
2346,6/27/2010,45,11277.05
2347,6/27/2010,43,110.64
2348,04/09/2009,43,4075.376
2349,2/24/2011,46,1736.53
2350,2/18/2011,28,2905.3
2351,8/17/2009,47,1982.16
2352,07/07/2012,35,870.75
2353,07/07/2012,13,43.37
2354,2/21/2010,29,61.22
2355,9/30/2010,9,52.93
2356,9/30/2010,25,145.13
2357,09/12/2009,4,345.57
2358,07/04/2009,39,916.05
2359,1/31/2012,21,787.63
2360,10/09/2011,21,1223.11
2361,02/02/2012,36,66.41
2362,02/10/2009,22,138.24
2363,5/22/2011,22,846.59
2364,9/24/2009,45,338.85
2365,9/24/2009,11,43.25
2366,01/10/2011,36,188.34
2367,01/10/2011,3,32.49
2368,01/10/2011,26,1493.858
2369,7/22/2010,18,50.15
2370,4/26/2012,40,3060.37
2371,4/26/2012,5,25.31
2372,12/21/2010,15,102.32
2373,10/03/2011,48,945.54
2374,2/16/2010,27,141.56
2375,10/06/2012,50,387.79
2376,04/10/2009,16,843.15
2377,04/10/2009,24,3978.02
2378,03/09/2010,3,23.38
2379,03/09/2010,16,139.37
2380,03/09/2010,18,1221.62
2381,7/30/2009,35,59.66
2382,7/30/2009,2,377.016
2383,7/30/2009,8,124.7
2384,12/07/2011,24,382.19
2385,12/07/2011,17,2573.92
2386,12/07/2011,40,727.64
2387,12/07/2011,16,2795.004
2388,12/07/2011,25,2564.5775
2389,1/20/2009,27,3970.33
2390,5/14/2010,39,185.69
2391,04/09/2012,27,129.06
2392,04/09/2012,43,1236.64
2393,12/03/2010,32,3234.1
2394,3/13/2011,6,428.723
2395,6/14/2010,18,55.35
2396,6/14/2010,27,700.35
2397,05/09/2010,19,36.37
2398,6/17/2010,25,187.55
2399,02/09/2010,4,47.03
2400,05/03/2011,16,112.91
2401,05/03/2011,22,180.92
2402,05/03/2011,17,31.68
2403,12/24/2012,32,1673.53
2404,12/24/2012,32,7110.24
2405,5/28/2012,6,975.5
2406,5/28/2012,32,4834.8
2407,11/19/2010,13,2084.96
2408,02/11/2009,17,1002.73
2409,11/13/2012,43,1704.58
2410,12/06/2009,44,6123.48
2411,2/14/2011,1,131.27
2412,2/14/2011,50,196.39
2413,02/06/2011,32,643.53
2414,02/06/2011,27,1217.77
2415,04/01/2010,34,800.39
2416,2/21/2012,7,271.27
2417,12/06/2009,43,2980.15
2418,12/06/2009,23,476.04
2419,6/27/2012,8,825.96
2420,5/22/2009,22,5648.69
2421,03/05/2010,32,53.34
2422,6/18/2009,31,4483.92
2423,05/07/2012,10,50.42
2424,05/07/2012,19,2980.372
2425,04/01/2012,35,154
2426,7/17/2011,6,460.71
2427,03/10/2011,29,2946.05
2428,1/26/2012,30,183.33
2429,1/26/2012,12,88.06
2430,11/27/2010,35,3337.5165
2431,11/27/2010,35,1018.402
2432,11/27/2010,47,2679.1235
2433,3/28/2009,16,2365.43
2434,12/03/2012,4,16.91
2435,12/03/2012,8,464.66
2436,02/01/2010,4,37.73
2437,02/01/2010,5,519.69
2438,11/25/2009,4,29.24
2439,09/03/2012,31,846.85
2440,3/29/2009,29,177.41
2441,3/19/2009,28,96.71
2442,3/17/2010,29,730.51
2443,01/04/2009,3,1039.56
2444,5/25/2011,48,204.15
2445,5/25/2011,13,33.11
2446,5/20/2011,34,2010.89
2447,09/07/2011,48,389.28
2448,7/21/2009,12,1244.72
2449,12/17/2011,27,137.5
2450,12/17/2011,12,5744.24
2451,12/17/2011,42,452.15
2452,11/08/2012,28,112.05
2453,06/09/2010,26,78.22
2454,06/09/2010,10,51.65
2455,03/04/2012,34,823.98
2456,12/21/2012,13,1390.17
2457,2/27/2009,39,11613.13
2458,03/10/2010,19,812.06
2459,09/12/2010,8,104.27
2460,3/24/2010,38,3922.96
2461,11/01/2011,39,261.16
2462,11/01/2011,47,155.22
2463,11/04/2010,23,1236.954
2464,12/12/2009,36,1072.36
2465,12/12/2009,39,857.84
2466,6/14/2011,9,742.84
2467,6/14/2011,14,2070.68
2468,6/14/2011,15,764.13
2469,03/07/2012,11,64.34
2470,03/07/2012,10,693.02
2471,9/23/2011,37,201.14
2472,10/22/2010,9,48.26
2473,10/22/2010,6,1718.43
2474,4/25/2012,5,43.61
2475,4/25/2012,39,343.05
2476,4/25/2012,7,44.63
2477,8/18/2009,34,5442.142
2478,04/02/2009,40,14075.99
2479,5/24/2012,6,1042.96
2480,07/04/2009,23,8413.23
2481,07/04/2009,30,105.45
2482,3/17/2011,12,451.09
2483,6/16/2012,10,55.33
2484,4/15/2012,32,2773.71
2485,4/15/2012,9,113.89
2486,3/24/2011,5,83.3
2487,05/02/2012,48,3005.74
2488,05/02/2012,41,2209.5155
2489,12/04/2011,34,670.02
2490,10/04/2010,24,523.56
2491,9/19/2009,43,112.63
2492,12/07/2009,44,3421.88
2493,8/28/2011,32,197.93
2494,8/28/2011,7,90.58
2495,3/20/2012,40,2376.7105
2496,1/22/2010,1,35.14
2497,10/22/2012,9,14665.55
2498,3/22/2009,32,4856.1
2499,2/16/2009,28,208.83
2500,2/16/2009,41,228.3
2501,07/04/2009,21,514.53
2502,07/04/2009,14,748.84
2503,07/04/2009,9,1497.93
2504,07/04/2009,14,3857.56
2505,11/25/2011,23,156.66
2506,05/11/2010,34,479.84
2507,05/11/2010,16,833.9265
2508,05/11/2010,6,182.64
2509,05/11/2010,21,736.17
2510,05/01/2010,29,2820.6995
2511,01/05/2009,43,78.08
2512,01/05/2009,29,653.54
2513,01/05/2009,48,12635.75
2514,01/05/2009,49,240.3
2515,01/05/2009,25,2750.107
2516,3/23/2009,25,106.04
2517,3/23/2009,45,452.93
2518,3/24/2009,6,101.52
2519,01/03/2010,37,294.48
2520,7/26/2009,16,88.84
2521,01/04/2011,26,61.4
2522,02/01/2012,48,362.71
2523,02/01/2012,12,2077.1875
2524,10/27/2010,14,700.95
2525,10/27/2010,41,159.74
2526,8/22/2011,50,13608.83
2527,8/22/2011,25,89.32
2528,06/07/2010,3,23.93
2529,06/07/2010,14,2027.55
2530,5/13/2012,27,5307.5
2531,5/26/2012,32,254.46
2532,5/26/2012,32,278.19
2533,5/26/2012,32,1662.33
2534,2/26/2012,38,425.91
2535,10/07/2011,21,68.53
2536,10/07/2011,39,4215.83
2537,04/11/2012,25,1610.26
2538,12/10/2012,12,505.2
2539,12/10/2012,46,562.91
2540,12/22/2009,42,200.1
2541,12/22/2009,28,120.54
2542,4/30/2012,11,1132.6
2543,7/15/2011,6,28.01
2544,02/12/2009,1,19.32
2545,12/27/2012,13,759.94
2546,8/19/2011,24,163.14
2547,02/06/2011,39,19342.84
2548,02/06/2011,7,771.783
2549,9/13/2012,41,6111.1685
2550,9/13/2012,44,113.71
2551,11/18/2010,30,695.47
2552,11/18/2010,41,152.59
2553,11/18/2010,10,365.62
2554,11/18/2010,10,575.569
2555,7/25/2010,4,29.42
2556,7/25/2010,9,46.48
2557,7/29/2012,2,9.25
2558,7/29/2012,41,573.89
2559,7/21/2009,50,1262.72
2560,7/21/2009,31,524.19
2561,12/09/2010,15,1143.88
2562,2/20/2011,3,72.63
2563,12/13/2009,22,118.56
2564,12/13/2009,45,2145.05
2565,4/24/2012,27,118.18
2566,2/23/2012,39,290.3
2567,2/23/2012,37,434.11
2568,2/23/2012,42,288.9
2569,1/22/2012,2,202.64
2570,1/22/2012,23,133.69
2571,09/04/2011,18,33.96
2572,11/22/2011,45,5181.08
2573,11/22/2011,38,10567.45
2574,11/22/2011,38,1679.04
2575,11/22/2011,2,2055.97
2576,12/23/2009,2,383.45
2577,10/23/2011,44,1102.28
2578,03/01/2009,10,866.66
2579,08/06/2012,16,109.7
2580,08/06/2012,26,80.89
2581,11/22/2009,48,1497.3175
2582,11/10/2011,35,1154.14
2583,11/10/2011,37,223.82
2584,11/10/2011,1,61.4635
2585,11/10/2011,25,122.09
2586,1/27/2009,38,6121.1985
2587,11/20/2010,44,614.34
2588,01/09/2012,39,278.902
2589,3/18/2009,19,356.4645
2590,4/13/2011,19,71.77
2591,7/21/2012,31,480.43
2592,7/15/2012,31,217.14
2593,10/10/2009,19,659.13
2594,5/22/2012,9,222.2
2595,5/22/2012,5,39.9
2596,5/23/2009,4,16.82
2597,4/16/2009,6,14535.8
2598,12/26/2009,27,652.24
2599,10/09/2010,1,361.94
2600,10/09/2010,31,1276.04
2601,10/09/2010,40,2894.68
2602,02/09/2010,15,611.68
2603,11/26/2011,13,4393.75
2604,05/04/2011,34,117.91
2605,05/04/2011,46,3644.6
2606,05/04/2011,33,3491.613
2607,06/03/2010,15,176.24
2608,8/28/2009,41,291.16
2609,10/13/2009,37,1138.43
2610,10/13/2009,50,5271.0455
2611,12/22/2009,43,2463.6
2612,7/26/2012,16,3549.9
2613,7/26/2012,8,138.24
2614,08/05/2009,44,634.12
2615,08/05/2009,32,196.84
2616,08/05/2009,16,886.89
2617,1/29/2011,12,1379.98
2618,9/21/2010,41,295.12
2619,08/03/2010,16,131.72
2620,7/25/2012,10,5056.89
2621,7/25/2012,45,3500.1
2622,1/26/2010,9,196.12
2623,1/16/2012,43,792.21
2624,6/19/2011,34,214.64
2625,06/09/2010,17,253.38
2626,11/26/2011,28,431.37
2627,11/26/2011,23,262.31
2628,11/26/2011,45,514.03
2629,11/26/2011,9,1696.7
2630,08/05/2012,18,93.02
2631,08/05/2012,42,639.84
2632,2/15/2011,29,7837.44
2633,2/15/2011,22,3653.22
2634,5/26/2011,31,413.12
2635,11/08/2009,2,141.59
2636,11/08/2009,14,2465.5015
2637,11/08/2009,50,8558.4715
2638,11/08/2009,42,236.89
2639,9/13/2012,49,162.16
2640,9/13/2012,26,15168.82
2641,10/28/2009,14,367.11
2642,06/08/2012,10,126.79
2643,06/08/2012,11,1770.2015
2644,12/02/2010,23,1196.86
2645,10/17/2012,49,1355.47
2646,9/21/2012,12,1465.29
2647,9/21/2012,24,3590.33
2648,07/12/2011,32,115.81
2649,5/22/2011,39,4647.69
2650,5/22/2011,45,2503.3265
2651,11/10/2011,21,2731.73
2652,11/10/2011,40,679.52
2653,11/10/2011,38,5176.27
2654,9/18/2009,28,739.94
2655,2/24/2009,46,14740.51
2656,2/24/2009,1,3.77
2657,3/20/2009,11,100.36
2658,3/20/2009,33,404.91
2659,5/17/2012,22,809.91
2660,5/17/2012,50,1027.66
2661,5/17/2012,30,301.38
2662,2/17/2010,31,8955.34
2663,2/17/2010,18,95.22
2664,08/02/2009,42,577.42
2665,08/02/2009,20,95.08
2666,3/17/2009,25,82.21
2667,01/09/2009,47,117.88
2668,09/02/2012,34,3130.2015
2669,04/09/2009,31,449.47
2670,04/09/2009,29,80.61
2671,04/06/2009,39,2413.53
2672,12/09/2009,41,204.99
2673,04/01/2009,23,265.31
2674,04/01/2009,15,1444.88
2675,04/01/2009,23,2287.1
2676,08/05/2010,44,786.26
2677,9/28/2010,44,18697.24
2678,9/28/2010,48,786.13
2679,6/17/2010,25,14647.26
2680,6/17/2010,10,26.11
2681,05/10/2010,50,442.31
2682,12/09/2012,4,114.83
2683,12/09/2012,23,16743.76
2684,04/09/2012,49,1534.7
2685,11/20/2009,7,2813.34
2686,11/20/2009,45,2682.8
2687,7/26/2009,50,387.03
2688,04/02/2009,17,585.47
2689,06/01/2011,11,123.34
2690,06/01/2011,23,1642.47
2691,12/02/2009,25,93.22
2692,3/15/2011,36,243.18
2693,12/20/2011,27,3853.47
2694,12/20/2011,5,28.23
2695,01/05/2012,50,4962.05
2696,01/05/2012,19,192.39
2697,10/10/2010,13,26.08
2698,04/09/2012,8,669.69
2699,7/22/2012,45,405.6
2700,9/23/2009,39,706.3925
2701,1/20/2010,24,154.99
2702,3/16/2012,32,115.78
2703,3/16/2012,13,210.22
2704,09/10/2011,2,250.7
2705,4/18/2010,10,315.42
2706,12/06/2012,38,144.03
2707,1/24/2009,23,294.68
2708,03/07/2010,43,2378.82
2709,03/07/2010,6,202.62
2710,2/27/2010,24,307.49
2711,2/14/2012,7,516.65
2712,8/16/2010,5,89.335
2713,8/16/2010,39,158.46
2714,8/16/2010,31,7180.83
2715,12/20/2009,39,5748.2
2716,12/05/2009,2,21.44
2717,6/27/2010,22,1559.7755
2718,5/13/2009,7,1203.73
2719,5/13/2009,6,75.19
2720,2/25/2011,30,8363.65
2721,06/05/2011,46,303.62
2722,3/13/2010,34,334.66
2723,9/19/2009,35,1142.36
2724,2/25/2010,14,1379.3375
2725,3/20/2011,19,1825.42
2726,11/10/2012,27,2654.16
2727,11/10/2012,15,1722.65
2728,11/29/2010,14,461.55
2729,7/14/2011,9,799.98
2730,05/12/2012,14,618.84
2731,12/28/2009,6,177.67
2732,3/15/2009,2,200.753
2733,03/01/2011,2,9.37
2734,7/13/2012,44,2277.03
2735,11/16/2011,24,39.69
2736,7/19/2012,50,8532.152
2737,09/03/2012,29,824.51
2738,9/19/2012,31,3081.471
2739,04/01/2009,1,17.62
2740,01/03/2010,19,1216.5
2741,1/24/2011,27,81.9
2742,5/17/2010,37,498.28
2743,9/23/2011,47,191.13
2744,9/15/2011,18,168.95
2745,12/21/2012,7,1043.12
2746,10/31/2009,49,87.44
2747,10/31/2009,50,1318.49
2748,01/05/2012,32,1666
2749,4/22/2009,43,945.9
2750,7/16/2011,42,71.32
2751,6/30/2010,33,750.86
2752,7/24/2009,14,215.31
2753,10/15/2010,14,157.33
2754,2/26/2009,20,125.84
2755,10/22/2012,11,114.55
2756,4/14/2009,14,1386.65
2757,09/08/2010,35,136.72
2758,9/17/2010,1,29.65
2759,08/06/2011,6,62.03
2760,06/10/2009,7,57.03
2761,8/20/2012,46,611.16
2762,3/15/2010,26,1462.1615
2763,11/01/2012,45,130.25
2764,7/26/2012,30,453.87
2765,5/15/2010,33,310.99
2766,10/28/2012,26,1514.9635
2767,5/21/2009,7,19.36
2768,09/02/2011,21,155.73
2769,10/09/2012,42,793.04
2770,12/19/2009,36,4115.74
2771,03/03/2012,26,596.156
2772,9/14/2012,18,47.4
2773,11/08/2012,31,934.87
2774,2/23/2010,46,161.28
2775,03/12/2010,29,12098.87
2776,8/23/2011,4,8.87
2777,06/11/2012,2,25.09
2778,3/16/2010,12,714.391
2779,10/04/2012,15,502.8
2780,12/05/2010,33,468.46
2781,01/06/2009,23,2357.45
2782,06/02/2009,34,817.53
2783,10/22/2009,1,55.43
2784,10/22/2010,6,1086.39
2785,02/09/2012,1,61.098
2786,11/01/2011,42,4373.8535
2787,1/13/2011,28,2860.19
2788,4/29/2009,29,2925.78
2789,08/04/2010,1,142.24
2790,4/22/2012,49,570.43
2791,4/22/2012,49,100.08
2792,2/26/2009,15,803.04
2793,01/08/2010,19,88.61
2794,9/15/2010,50,336.06
2795,9/15/2010,24,380.38
2796,06/02/2009,50,477.53
2797,06/02/2009,15,2690.7515
2798,2/25/2010,3,315.28
2799,5/23/2010,19,796.14
2800,5/23/2010,31,142.96
2801,7/25/2010,18,2389.3
2802,7/25/2010,7,222.258
2803,1/20/2011,7,128.62
2804,1/20/2011,50,424
2805,1/20/2011,5,504.79
2806,01/02/2010,9,740.2
2807,01/02/2010,23,1288.7785
2808,3/17/2011,35,43.57
2809,3/17/2011,8,31.87
2810,9/30/2009,29,1193.65
2811,5/19/2011,4,40.02
2812,04/08/2009,46,1895.55
2813,02/11/2010,1,316.61
2814,5/31/2010,20,5418.68
2815,9/22/2012,48,269.37
2816,06/02/2012,39,7338.79
2817,06/02/2012,47,12569.31
2818,12/09/2012,27,177.95
2819,6/27/2010,11,225.14
2820,02/09/2012,2,381.6
2821,8/21/2012,25,831.52
2822,8/21/2012,10,1089.87
2823,10/20/2010,14,1068.79
2824,3/24/2010,49,2012.14
2825,3/20/2009,7,150.77
2826,6/27/2012,49,295.24
2827,6/19/2012,4,481.27
2828,04/04/2012,16,226.81
2829,04/04/2012,46,511.07
2830,2/25/2010,19,428.14
2831,06/02/2012,44,2318.2135
2832,11/10/2012,16,36.23
2833,3/18/2009,16,5403.75
2834,7/14/2011,7,363.57
2835,5/13/2012,36,305.62
2836,10/18/2011,46,157.87
2837,6/24/2012,4,1660.86
2838,08/12/2012,22,9062.44
2839,08/12/2012,49,1662.57
2840,10/16/2010,3,173.33
2841,6/22/2009,23,2433.55
2842,1/31/2010,50,3872.38
2843,6/15/2009,14,78.44
2844,11/16/2011,48,257.75
2845,11/16/2011,48,5139.882
2846,12/21/2011,28,229.43
2847,6/28/2011,36,123.13
2848,8/14/2009,15,2172.515
2849,01/05/2012,28,2160.27
2850,8/23/2012,46,134.42
2851,02/05/2012,40,3028.86
2852,5/27/2009,26,149.7
2853,09/01/2010,5,284.6735
2854,08/05/2012,6,751.71
2855,7/16/2010,35,5311.973
2856,7/16/2010,19,1061.905
2857,7/16/2010,48,1631.04
2858,12/08/2011,11,183.32
2859,1/19/2009,5,98.66
2860,7/29/2012,38,123.26
2861,4/29/2010,5,2361.1
2862,12/09/2012,48,2011.46
2863,7/27/2009,31,87.32
2864,1/15/2010,33,77.55
2865,6/15/2009,50,329.91
2866,9/15/2011,8,342.27
2867,11/03/2010,1,794.58
2868,10/28/2012,41,980.95
2869,12/21/2012,45,285.91
2870,12/21/2012,48,2611.8035
2871,8/22/2012,30,128.25
2872,12/01/2010,6,141.27
2873,12/01/2010,9,16.02
2874,5/21/2011,47,202.64
2875,01/05/2012,40,453.98
2876,09/02/2012,36,5072.34
2877,1/16/2011,12,45.63
2878,09/12/2010,21,3685.38
2879,4/27/2012,21,1090.11
2880,12/31/2011,2,60.5625
2881,11/06/2010,23,67.47
2882,1/31/2011,3,315.27
2883,10/30/2011,38,465.9
2884,6/26/2010,50,742.05
2885,10/15/2010,28,10253.75
2886,03/09/2010,42,3186.77
2887,10/22/2012,36,3645.12
2888,10/31/2010,23,934.07
2889,7/29/2009,35,175.08
2890,7/26/2009,18,290.07
2891,7/26/2009,31,196.81
2892,01/11/2009,20,4531.34
2893,01/11/2009,44,574.5
2894,01/11/2009,18,262.94
2895,02/02/2011,27,462.366
2896,02/02/2011,14,336.48
2897,2/18/2011,8,69.57
2898,5/14/2009,8,45.73
2899,09/10/2010,4,58.44
2900,11/01/2012,18,122.41
2901,4/15/2010,50,2869.44
2902,12/29/2011,49,183.08
2903,9/29/2010,28,257.9
2904,2/21/2009,18,901.81
2905,5/18/2009,38,623.1265
2906,10/26/2009,27,2651.23
2907,3/24/2009,17,107.56
2908,3/24/2009,15,1386.69
2909,12/25/2010,16,6813.93
2910,4/22/2012,9,44.51
2911,11/17/2010,23,218.29
2912,12/19/2010,38,1554.21
2913,09/11/2012,7,273.42
2914,9/14/2012,19,773.83
2915,2/23/2010,37,1356.45
2916,2/23/2010,13,250.75
2917,2/23/2010,31,313.05
2918,8/23/2011,39,6888.6635
2919,7/21/2009,23,384.21
2920,6/14/2011,1,10.48
2921,10/04/2009,6,17.59
2922,8/21/2011,1,11.81
2923,8/21/2011,39,4211
2924,1/24/2011,18,89.99
2925,8/27/2009,50,343
2926,03/09/2010,28,164.22
2927,06/02/2009,17,182.47
2928,10/30/2012,18,132.78
2929,10/22/2009,45,2096.7
2930,10/19/2010,12,81.87
2931,2/21/2011,30,164.41
2932,7/16/2010,15,144.14
2933,7/16/2010,9,30.65
2934,09/12/2009,40,259.83
2935,05/11/2009,14,57.28
2936,05/11/2009,32,227.87
2937,01/03/2012,25,5859.25
2938,12/21/2011,49,26622.55
2939,12/09/2009,3,26.5
2940,10/26/2011,19,267
2941,8/31/2009,25,265.75
2942,12/18/2011,21,162.25
2943,1/17/2010,26,85.71
2944,06/06/2009,39,104.97
2945,05/08/2011,29,184.74
2946,5/19/2009,3,526.76
2947,07/02/2012,18,1769.9
2948,08/04/2010,45,615.68
2949,5/27/2011,18,126.62
2950,7/27/2011,37,111.39
2951,11/26/2011,16,54.32
2952,11/08/2012,29,2185.61
2953,04/02/2011,48,184.1
2954,01/11/2010,48,25312
2955,01/11/2010,14,2138.63
2956,2/13/2010,12,76.04
2957,12/12/2012,24,4408.27
2958,06/10/2010,30,4011.65
2959,12/28/2010,21,154.35
2960,12/28/2010,7,201.36
2961,10/16/2010,9,884.1275
2962,12/05/2009,32,21717.36
2963,3/16/2010,16,692.73
2964,11/04/2009,6,22.19
2965,6/22/2009,43,815.89
2966,9/22/2012,41,4933.99
2967,5/25/2009,23,72.93
2968,12/20/2010,42,2537.88
2969,06/01/2010,38,19269.05
2970,5/13/2009,33,1590.163
2971,12/22/2011,26,311.38
2972,11/25/2010,8,24.72
2973,01/07/2010,12,116.38
2974,12/19/2009,30,14922.16
2975,1/23/2012,1,62.77
2976,08/12/2011,36,240.14
2977,6/19/2012,40,879.54
2978,9/14/2009,4,1620.94
2979,06/05/2011,48,269.93
2980,12/23/2012,45,4547.9
2981,4/14/2009,18,4212.752
2982,3/20/2011,32,119.2
2983,11/29/2010,48,418.82
2984,2/13/2011,23,127.17
2985,2/24/2009,17,2545.89
2986,3/15/2009,17,281.84
2987,10/26/2011,26,106.03
2988,04/06/2009,29,65.16
2989,7/19/2012,33,2269.41
2990,5/13/2012,46,2514.5125
2991,6/28/2011,9,1425.21
2992,10/07/2010,24,2435.5135
2993,3/29/2009,19,568.7435
2994,09/04/2012,20,2506.38
2995,4/29/2011,49,1959.43
2996,4/29/2011,39,14072.64
2997,4/24/2011,47,5549.79
2998,5/27/2009,41,728.127
2999,5/13/2012,22,1118.2515
3000,5/13/2012,40,609.4
3001,12/30/2011,36,282.58
3002,6/29/2011,16,61.5
3003,6/29/2011,10,324.3175
3004,7/16/2010,49,214.62
3005,12/08/2011,8,194.11
3006,4/29/2010,11,167.53
3007,4/29/2010,42,1060.34
3008,6/15/2010,5,751.94
3009,9/23/2011,17,48.24
3010,5/14/2010,36,200.08
3011,04/03/2010,33,1934.6
3012,8/17/2010,18,144.84
3013,5/30/2010,13,24.96
3014,9/15/2011,39,577.95
3015,1/16/2012,5,255.31
3016,10/31/2009,4,129.7865
3017,11/30/2010,50,1844.26
3018,12/29/2011,20,3467.28
3019,7/28/2009,46,5897.47
3020,10/13/2010,1,415
3021,05/05/2009,40,1233.51
3022,6/30/2010,48,379.78
3023,3/28/2012,30,856.34
3024,8/16/2009,2,29.06
3025,06/10/2010,46,2526.54
3026,2/15/2012,31,206.2865
3027,6/16/2012,24,5452.9
3028,10/15/2010,36,840.24
3029,2/26/2009,23,3637.728
3030,9/27/2012,27,2398.9
3031,9/26/2010,6,763.448
3032,3/20/2011,50,306.13
3033,05/06/2010,21,128.86
3034,01/09/2009,24,64.11
3035,7/29/2009,19,5369.46
3036,2/24/2011,2,11.15
3037,11/30/2011,17,524.212
3038,7/31/2009,23,367.53
3039,7/26/2010,19,1083.4015
3040,10/12/2012,3,329.63
3041,07/08/2009,23,139.45
3042,5/18/2009,15,62.62
3043,5/18/2009,5,64.25
3044,9/20/2012,39,2617.13
3045,06/10/2012,1,8.49
3046,12/14/2009,40,2169.49
3047,8/27/2012,4,64.09
3048,06/07/2009,48,2208.31
3049,12/19/2010,22,1295.502
3050,7/25/2010,20,873.82
3051,01/07/2009,6,11.57
3052,05/12/2010,36,1449.45
3053,11/10/2009,10,80.92
3054,8/22/2009,50,7817.45
3055,10/16/2010,4,63.93
3056,3/21/2011,46,110.96
3057,11/08/2012,18,2130.82
3058,8/23/2011,43,720.613
3059,09/01/2012,16,3075.752
3060,10/04/2012,18,85.03
3061,8/21/2011,26,164.1
3062,8/21/2011,23,1316.87
3063,6/21/2010,11,38.24
3064,1/27/2012,27,80.33
3065,09/01/2009,43,3832.24
3066,12/05/2010,48,9708.64
3067,10/25/2011,40,6618.457
3068,03/03/2010,15,803.267
3069,03/03/2011,1,22.74
3070,2/21/2011,19,1882.18
3071,7/16/2010,23,103.2
3072,09/12/2009,19,88.4
3073,2/14/2011,34,390.35
3074,9/25/2012,36,772.67
3075,11/11/2011,10,1875.18
3076,6/24/2009,42,375.76
3077,7/27/2011,20,92.15
3078,2/14/2012,18,821.7885
3079,12/03/2012,13,95.68
3080,11/01/2011,7,73.86
3081,5/27/2011,17,979.52
3082,4/22/2012,35,5740.624
3083,1/14/2010,49,5332.42
3084,2/26/2012,4,21.84
3085,01/11/2010,47,1597.02
3086,06/03/2011,34,218.27
3087,06/03/2011,17,100.95
3088,11/30/2012,41,628.22
3089,11/30/2012,24,3366.1
3090,06/02/2010,40,676.13
3091,06/02/2010,26,7668.55
3092,8/31/2009,34,226.1
3093,10/14/2012,40,2135.9735
3094,06/02/2009,21,3905.75
3095,6/29/2009,22,1651.09
3096,6/29/2009,14,95.89
3097,6/29/2009,23,80.38
3098,6/28/2010,32,182.33
3099,1/16/2009,6,679.6
3100,1/16/2009,30,257.42
3101,10/28/2010,21,78.17
3102,02/08/2009,4,718.03
3103,11/09/2011,30,534.96
3104,3/16/2012,7,887.94
3105,9/30/2009,29,180.38
3106,06/11/2009,14,569.21
3107,01/12/2012,30,260.12
3108,3/24/2010,14,284.62
3109,11/22/2011,41,159.26
3110,5/28/2009,1,57.84
3111,5/28/2009,42,3991.99
3112,6/25/2011,47,2926.33
3113,6/25/2011,20,40.05
3114,6/25/2011,20,552.87
3115,6/25/2011,12,26.33
3116,04/05/2010,50,2851.17
3117,04/05/2010,15,183.43
3118,01/06/2011,5,51.3
3119,01/06/2011,1,8.48
3120,01/06/2011,26,87.52
3121,08/10/2012,50,1497.7595
3122,12/23/2009,41,2811.7
3123,08/09/2012,31,131.2
3124,6/16/2011,17,53.91
3125,3/17/2009,39,223.64
3126,4/28/2011,2,203.3
3127,4/28/2011,2,196.8515
3128,2/24/2010,4,40.23
3129,09/11/2009,39,341.55
3130,09/11/2009,14,98.37
3131,07/05/2010,2,19.36
3132,07/05/2010,30,206.27
3133,06/12/2012,3,133.9
3134,3/27/2010,42,2040.95
3135,03/03/2010,39,446.04
3136,03/03/2010,46,18421.2
3137,9/24/2012,26,1090.4
3138,12/02/2012,50,1100.21
3139,4/23/2010,24,104.89
3140,8/17/2011,41,10714.78
3141,4/18/2011,46,1824.13
3142,4/18/2011,27,151.38
3143,01/01/2009,9,872.48
3144,05/09/2011,26,3617.64
3145,08/04/2011,22,8218.16
3146,6/26/2012,19,676.79
3147,02/12/2012,32,2409.96
3148,08/04/2011,10,931.1495
3149,12/10/2011,15,951.09
3150,2/24/2011,38,4502.26
3151,2/24/2011,34,192.23
3152,7/18/2010,39,237.89
3153,12/06/2011,29,598.49
3154,2/27/2012,33,3008.5
3155,10/04/2009,24,195.83
3156,12/03/2010,15,94.84
3157,2/27/2012,46,8246.86
3158,12/20/2009,38,2315.11
3159,12/20/2009,8,1264.2305
3160,9/19/2010,22,1082.8
3161,9/19/2010,7,1260.2015
3162,05/07/2010,28,1623.09
3163,6/20/2009,39,238.49
3164,3/13/2009,19,123.1
3165,05/11/2010,37,12612.66
3166,01/03/2011,20,1564.1615
3167,11/06/2012,34,926.85
3168,11/22/2011,21,203.55
3169,8/18/2010,19,639.3
3170,02/06/2011,4,1280.73
3171,10/10/2009,5,43.55
3172,02/07/2012,44,809.77
3173,1/20/2012,48,24701.12
3174,10/03/2011,17,5122.61
3175,6/14/2011,46,221.13
3176,6/14/2011,8,16.35
3177,6/22/2009,11,96.01
3178,7/22/2012,10,165.09
3179,01/06/2011,47,307.57
3180,01/06/2011,32,14861.07
3181,8/28/2010,45,182.7
3182,8/28/2010,46,141.08
3183,5/18/2010,38,331.53
3184,10/28/2011,22,494.84
3185,10/28/2011,11,3443.21
3186,11/19/2011,8,1100
3187,12/14/2012,2,19.81
3188,12/19/2011,37,2638.79
3189,3/18/2011,6,156.09
3190,3/18/2011,47,1294.023
3191,5/31/2012,39,16028.26
3192,5/31/2012,8,738.2505
3193,7/15/2011,48,5318.89
3194,6/14/2010,21,125.9
3195,06/06/2011,21,190.99
3196,6/22/2010,22,125.57
3197,02/01/2012,31,2966.13
3198,1/16/2010,6,29.19
3199,8/14/2009,18,157.85
3200,8/14/2009,38,2773.0315
3201,3/30/2012,14,304.65
3202,5/21/2011,49,142.1
3203,4/17/2010,13,2175.218
3204,03/02/2011,50,421.36
3205,10/06/2010,30,4506.85
3206,10/06/2010,16,2110.37
3207,10/06/2010,34,1094.9105
3208,4/21/2011,43,1243.88
3209,10/29/2012,16,1617.91
3210,7/15/2010,48,2688.0825
3211,1/23/2012,41,221.08
3212,6/16/2010,33,3636.37
3213,6/19/2010,30,203.48
3214,09/10/2012,31,1750
3215,01/12/2009,45,15963.09
3216,01/12/2009,33,58.48
3217,6/18/2012,46,2116.2
3218,6/18/2012,46,766.36
3219,6/18/2012,28,547.32
3220,6/18/2012,13,192.44
3221,6/18/2012,3,1294.35
3222,5/26/2010,49,561.06
3223,5/26/2010,19,320.03
3224,10/30/2009,35,620.02
3225,8/22/2009,12,653.786
3226,04/01/2010,22,5288.89
3227,05/12/2010,25,1321.55
3228,3/24/2010,15,55.2
3229,1/24/2012,47,23239.96
3230,1/24/2012,24,302.91
3231,12/02/2011,19,6648.58
3232,03/02/2011,35,677.43
3233,03/02/2011,38,491.78
3234,09/11/2011,47,6131.54
3235,7/25/2010,29,475.58
3236,7/13/2010,50,274.04
3237,4/19/2009,20,3960.99
3238,5/23/2011,16,139.69
3239,5/23/2011,39,6030.58
3240,12/20/2011,47,725.8
3241,02/01/2010,36,111.83
3242,02/01/2010,50,4159.628
3243,02/05/2012,22,1505.67
3244,1/13/2009,17,39.23
3245,12/11/2010,25,612.93
3246,12/11/2010,12,1551.34
3247,10/29/2009,48,287.54
3248,10/29/2009,5,88.315
3249,04/08/2012,49,4968.5
3250,01/04/2011,15,92.03
3251,8/15/2011,38,262.9
3252,02/11/2012,31,1024.31
3253,3/23/2011,22,51.39
3254,3/23/2011,31,293.52
3255,5/23/2009,44,1844.97
3256,09/09/2011,49,266.3
3257,03/08/2011,17,74.25
3258,03/08/2011,4,23.23
3259,5/16/2012,33,203.49
3260,9/29/2009,33,211.48
3261,9/29/2009,38,5601.1
3262,10/24/2010,2,21.01
3263,07/06/2009,20,525.78
3264,12/28/2010,33,216.77
3265,5/19/2011,50,315.02
3266,2/14/2012,23,115.1
3267,2/14/2012,5,16.6
3268,11/14/2010,28,7384.54
3269,5/13/2009,34,482.93
3270,12/09/2010,48,7522.8
3271,4/14/2009,33,1003.71
3272,10/07/2012,38,1610.76
3273,06/02/2012,2,12.12
3274,02/08/2010,39,147.88
3275,10/30/2010,4,1629.75
3276,12/25/2011,26,188.93
3277,3/19/2010,22,345.69
3278,12/14/2011,34,3577.11
3279,9/21/2009,16,96.04
3280,12/27/2009,19,55.27
3281,12/20/2011,41,160.11
3282,12/25/2011,10,1410.93
3283,11/24/2010,50,1978.3665
3284,12/22/2011,17,72.75
3285,9/14/2011,8,301.57
3286,6/14/2009,21,4201.08
3287,6/15/2009,15,5028.31
3288,3/28/2012,19,238.35
3289,8/25/2009,10,150.33
3290,12/30/2011,29,155.86
3291,04/06/2010,9,30.35
3292,11/25/2010,20,4108.17
3293,08/11/2010,19,1504.97
3294,2/15/2012,49,5008.761
3295,06/04/2010,18,211.44
3296,4/18/2011,4,41.06
3297,02/10/2012,36,455.93
3298,10/01/2009,8,43.72
3299,09/07/2011,46,75.6
3300,8/27/2012,14,36.41
3301,12/19/2009,48,201.98
3302,04/06/2009,31,9459.94
3303,08/07/2012,2,20.16
3304,8/21/2011,23,84.47
3305,12/08/2009,17,5001.29
3306,05/12/2010,50,230.23
3307,3/26/2011,3,13.71
3308,10/01/2009,46,300.07
3309,3/19/2010,46,2422.721
3310,10/27/2012,10,45.69
3311,03/08/2012,12,173.97
3312,1/18/2012,32,5934.39
3313,06/12/2011,28,1971.56
3314,8/24/2011,33,3093.76
3315,12/03/2012,6,1008.872
3316,04/03/2012,47,13382.01
3317,1/14/2010,19,2328.62
3318,06/10/2010,27,192.814
3319,11/06/2011,35,3532.96
3320,12/05/2009,24,416.4
3321,09/01/2009,1,11.35
3322,10/05/2011,9,122.14
3323,1/25/2010,11,1382.8
3324,6/22/2009,11,30.61
3325,12/09/2012,24,99.53
3326,5/20/2010,14,700.46
3327,06/01/2010,21,763.12
3328,07/02/2012,3,42.5
3329,10/10/2010,39,279.29
3330,8/21/2012,21,121.3
3331,2/25/2011,4,40.87
3332,11/25/2010,14,2066.63
3333,9/22/2011,48,1734.72
3334,12/10/2011,14,294.52
3335,3/26/2012,4,187.3995
3336,10/10/2011,15,241.89
3337,10/10/2011,43,83.34
3338,9/14/2009,7,296.84
3339,3/13/2010,23,139.19
3340,10/21/2012,17,1125.76
3341,02/01/2010,18,299.87
3342,7/15/2011,8,84.64
3343,06/02/2012,30,1136.44
3344,4/13/2009,1,3.42
3345,01/02/2011,24,138.75
3346,09/10/2011,5,95.38
3347,5/13/2012,36,251.05
3348,10/30/2010,49,261.02
3349,9/24/2012,30,243.49
3350,6/29/2010,45,311.1
3351,6/29/2010,43,452.93
3352,5/13/2010,16,1702.499
3353,1/13/2010,43,140.72
3354,03/01/2011,31,53.33
3355,4/24/2012,11,653.92
3356,1/15/2012,42,290.68
3357,10/16/2010,47,231.29
3358,5/17/2012,7,40.11
3359,05/09/2010,10,44.08
3360,7/24/2009,1,68.45
3361,04/06/2009,38,6532.48
3362,04/06/2009,41,241.9
3363,12/21/2011,46,1200.13
3364,5/13/2012,7,2202.45
3365,01/05/2012,28,169.22
3366,01/05/2012,10,1319.421
3367,01/05/2012,33,550.93
3368,5/27/2012,7,2236.16
3369,5/13/2012,43,1883.82
3370,8/20/2012,21,1490.56
3371,8/20/2012,17,105.44
3372,09/09/2012,28,1201.68
3373,09/09/2012,21,2784.57
3374,3/25/2010,22,5202.896
3375,04/12/2012,35,6608.24
3376,2/25/2011,2,7.98
3377,10/05/2009,49,8252.361
3378,10/05/2009,7,2205.84
3379,12/25/2011,15,3364.248
3380,5/20/2009,4,442.99
3381,12/09/2012,29,587.2
3382,12/09/2012,39,110.79
3383,1/22/2011,29,516.62
3384,4/23/2012,30,177.22
3385,5/14/2010,24,790.24
3386,1/16/2012,14,50.85
3387,04/11/2011,20,1077.8085
3388,04/11/2011,19,2899.98
3389,04/11/2011,36,233.38
3390,03/04/2011,19,127.48
3391,7/28/2009,40,2550.12
3392,5/21/2009,40,194.02
3393,4/22/2009,14,422.83
3394,05/04/2011,10,170.35
3395,09/12/2010,19,20329.8
3396,10/30/2012,15,2567.64
3397,02/06/2009,2,1838.18
3398,7/23/2010,12,1466.95
3399,7/23/2010,33,440.23
3400,4/27/2012,18,3136.2025
3401,8/15/2009,48,460.69
3402,1/31/2011,12,82.64
3403,6/15/2009,10,784.08
3404,6/15/2009,41,1085.61
3405,9/19/2011,41,6863.95
3406,06/10/2010,33,162.39
3407,8/25/2009,47,2519.55
3408,8/25/2009,46,1634.17
3409,2/15/2012,40,13367.82
3410,10/15/2010,34,16193.16
3411,10/04/2010,30,443.46
3412,1/29/2011,31,792.76
3413,8/26/2011,44,1453.704
3414,8/26/2011,34,7656.304
3415,12/07/2011,25,1412.98
3416,12/07/2011,39,19539.94
3417,9/15/2012,18,126.69
3418,9/15/2012,12,162.11
3419,03/03/2012,34,145.48
3420,2/24/2011,25,2427.25
3421,1/24/2009,5,318.31
3422,08/03/2010,7,368.0245
3423,11/30/2011,6,24.2
3424,7/26/2009,13,1619.51
3425,08/04/2012,45,463.93
3426,01/11/2009,29,138.17
3427,01/11/2009,18,216.87
3428,09/06/2012,16,75.77
3429,7/19/2012,12,488.65
3430,01/10/2012,35,12741.81
3431,11/23/2009,36,572.4
3432,4/28/2011,11,55.49
3433,7/27/2011,14,1885.41
3434,3/21/2011,7,407.8725
3435,2/14/2011,18,1731.104
3436,01/06/2011,15,5713.48
3437,2/19/2012,20,37.4
3438,11/01/2012,22,2052.2655
3439,4/15/2010,21,2172.702
3440,11/04/2009,25,88.37
3441,12/29/2011,14,36.74
3442,11/24/2011,14,436.78
3443,5/15/2010,46,1053.84
3444,11/02/2009,37,9517.6
3445,10/28/2012,46,6943.94
3446,12/25/2010,46,944.76
3447,5/21/2009,26,1204.5095
3448,8/26/2011,5,24.91
3449,9/26/2010,9,373.48
3450,5/26/2009,21,56.21
3451,06/07/2009,33,1683.69
3452,7/25/2010,9,130.43
3453,05/08/2010,1,423.3
3454,05/12/2010,38,2702.3
3455,10/16/2010,2,570.98
3456,03/09/2012,23,44.89
3457,2/23/2010,29,200.7
3458,10/10/2010,2,6.34
3459,10/10/2010,48,2996.93
3460,7/31/2010,3,554.32
3461,7/31/2010,15,1073.567
3462,5/14/2009,29,143.29
3463,01/10/2012,45,5811.97
3464,07/03/2010,23,1914.16
3465,10/04/2009,21,315.07
3466,7/24/2010,1,18.16
3467,12/05/2010,13,11169.95
3468,12/17/2009,23,39.13
3469,4/24/2012,48,166.13
3470,8/21/2011,17,3064.658
3471,5/13/2010,35,584.42
3472,10/25/2011,37,2192.63
3473,07/11/2009,16,230.74
3474,10/30/2012,28,31.2
3475,1/23/2011,41,396.15
3476,3/22/2011,33,1900.226
3477,04/10/2009,28,65.7
3478,04/10/2009,38,1685.07
3479,11/11/2011,47,3587.72
3480,2/14/2012,34,5634.3525
3481,06/12/2011,34,154.43
3482,11/01/2011,8,2302.36
3483,05/08/2011,24,437.478
3484,5/19/2009,2,32.6
3485,07/02/2012,42,802.46
3486,8/15/2009,34,223.76
3487,7/27/2011,13,1207.02
3488,5/28/2009,18,106.45
3489,01/09/2009,39,121.87
3490,01/11/2010,5,647.27
3491,2/13/2010,35,225.4
3492,12/13/2010,26,9225.65
3493,12/12/2012,18,1837.94
3494,12/12/2012,28,24391.16
3495,12/17/2010,48,90.05
3496,12/17/2010,46,7804.53
3497,10/20/2011,25,125.85
3498,08/07/2010,14,174.89
3499,5/24/2011,24,126.58
3500,5/24/2011,1,23.7
3501,01/05/2009,24,188.73
3502,4/30/2012,5,1679.58
3503,03/01/2010,7,560.51
3504,03/01/2010,31,189.95
3505,4/16/2010,35,589.24
3506,4/16/2010,25,233.05
3507,04/08/2009,27,129.1
3508,12/04/2010,22,38.26
3509,7/15/2011,30,4147.47
3510,10/29/2012,13,4002.14
3511,01/07/2009,3,10.58
3512,01/07/2009,3,2119.67
3513,01/07/2009,7,45923.76
3514,1/29/2012,14,80.6
3515,04/10/2012,8,136.61
3516,04/10/2012,42,2907.63
3517,10/23/2012,34,136.67
3518,12/04/2010,32,383.57
3519,12/04/2010,31,461.1
3520,4/29/2011,12,76.16
3521,5/25/2010,34,268.09
3522,5/25/2010,12,557.03
3523,5/25/2010,3,26.53
3524,5/25/2010,34,5133.9235
3525,10/04/2009,19,1184.45
3526,10/04/2009,20,25409.63
3527,10/04/2009,43,7308.283
3528,05/06/2010,14,63.52
3529,05/06/2010,44,1512.25
3530,07/02/2012,21,128.28
3531,4/13/2011,41,117.4
3532,01/05/2012,4,41.94
3533,01/05/2012,17,89.25
3534,01/05/2012,7,79.81
3535,9/24/2010,15,703.54
3536,9/24/2010,6,65.93
3537,9/24/2010,27,67.3
3538,2/15/2011,23,138.17
3539,3/28/2010,3,261.94
3540,3/28/2010,47,9574.82
3541,12/24/2011,50,510.56
3542,12/24/2011,18,389.52
3543,8/29/2009,12,33.43
3544,02/08/2010,44,12296.49
3545,02/08/2010,18,128.13
3546,12/28/2010,17,959.089
3547,10/28/2009,18,5459.32
3548,10/28/2009,37,1793.42
3549,10/28/2009,32,3080.07
3550,9/19/2010,10,149.25
3551,9/19/2010,1,10.14
3552,8/23/2012,37,1199.7
3553,10/07/2009,25,670.39
3554,10/07/2009,32,5618.4
3555,10/07/2009,42,5450.6
3556,03/05/2010,15,441.58
3557,1/30/2012,36,1644.22
3558,1/19/2011,8,40.26
3559,07/02/2009,45,4629.67
3560,02/07/2012,28,1650.411
3561,11/08/2011,33,240.27
3562,11/08/2011,24,6802.37
3563,04/08/2009,39,1357.53
3564,10/05/2011,12,502.01
3565,3/22/2009,44,7312.86
3566,3/22/2009,39,605.16
3567,5/23/2010,33,121
3568,5/23/2010,27,1484.185
3569,10/06/2010,31,1476.12
3570,10/20/2010,13,1764.97
3571,10/20/2010,50,238.34
3572,12/01/2012,41,3731.59
3573,12/01/2012,9,33367.85
3574,12/01/2012,44,1299.91
3575,3/14/2012,43,2009.05
3576,11/17/2011,3,3581.52
3577,11/17/2011,13,90.15
3578,7/30/2012,16,113.25
3579,09/03/2010,10,1642.43
3580,10/01/2011,26,6766.856
3581,7/27/2010,6,652.33
3582,4/25/2012,3,3.96
3583,7/23/2012,32,157.85
3584,7/14/2010,17,158.19
3585,12/03/2009,7,34.66
3586,6/29/2012,39,3755.43
3587,6/29/2012,32,347.93
3588,06/09/2009,15,138.84
3589,9/15/2011,36,79.02
3590,08/11/2011,33,1053.74
3591,9/22/2011,20,76.89
3592,10/20/2011,29,230.77
3593,10/20/2011,31,507.58
3594,12/20/2010,4,15.7
3595,2/24/2009,12,580.46
3596,9/19/2011,17,351.25
3597,03/07/2010,37,281.59
3598,03/07/2010,6,231.7525
3599,10/20/2009,44,161.8
3600,10/20/2009,37,64.36
3601,08/08/2011,49,450.66
3602,12/26/2010,17,213.06
3603,12/26/2010,7,1126.488
3604,06/08/2012,31,310.46
3605,1/30/2012,5,141.9755
3606,2/28/2011,9,53.18
3607,02/08/2009,38,607.42
3608,9/19/2012,24,76.06
3609,10/25/2011,30,396.6
3610,10/25/2011,32,6902.51
3611,11/29/2009,31,180.7
3612,11/29/2009,26,67.4
3613,7/21/2012,16,466.9475
3614,1/20/2010,5,1253.89
3615,02/03/2011,28,1103.67
3616,5/28/2009,28,1062.69
3617,12/03/2012,3,912.35
3618,9/23/2012,40,6147.24
3619,04/04/2009,8,70.55
3620,11/09/2010,20,34.94
3621,3/27/2009,46,9304.2
3622,3/27/2009,31,1685.05
3623,3/27/2009,3,57.48
3624,8/16/2009,24,4276.096
3625,01/10/2010,46,21390.44
3626,01/10/2010,7,169.75
3627,7/16/2010,21,7981.2
3628,5/20/2011,6,205.24
3629,5/20/2011,36,825.82
3630,7/17/2009,31,60.64
3631,08/07/2009,48,2482.034
3632,7/16/2012,16,9695.84
3633,7/16/2012,36,246.79
3634,7/16/2012,39,777.78
3635,06/04/2009,3,3029.97
3636,06/04/2009,34,241.04
3637,3/17/2012,5,44.17
3638,3/17/2012,37,192.92
3639,3/17/2012,37,10532.94
3640,01/10/2010,11,1091.47
3641,01/10/2010,35,112.59
3642,4/28/2011,3,210.5025
3643,09/02/2012,50,230.63
3644,09/02/2012,22,80.79
3645,7/28/2010,8,1095.27
3646,6/19/2012,34,9522.12
3647,6/19/2012,16,1985.6935
3648,12/30/2009,37,1420.89
3649,12/30/2009,48,27820.34
3650,12/30/2009,11,45.18
3651,11/27/2010,9,65.67
3652,3/18/2012,1,10.23
3653,01/08/2012,23,202.84
3654,01/08/2012,5,78.39
3655,01/08/2012,36,251.34
3656,12/30/2010,5,53.66
3657,9/16/2012,33,67.85
3658,12/07/2011,1,36.4
3659,12/07/2011,36,176.35
3660,12/27/2012,30,15337.58
3661,12/27/2012,42,3883.4715
3662,3/14/2009,38,5679.59
3663,4/21/2009,26,1029.29
3664,3/31/2012,1,184.18
3665,12/29/2012,36,12690.33
3666,8/16/2010,7,4667.28
3667,1/29/2010,28,5155.07
3668,12/28/2009,39,16468.55
3669,05/07/2012,10,707.3
3670,05/07/2012,48,335.64
3671,9/14/2010,23,872.97
3672,9/14/2010,19,545.71
3673,8/13/2011,7,261.17
3674,6/17/2009,26,342.4
3675,12/02/2011,25,450.28
3676,10/31/2010,50,929.81
3677,12/16/2011,31,1359.74
3678,12/16/2011,38,5228.2
3679,12/16/2011,41,7174.9435
3680,2/15/2009,13,136.24
3681,7/26/2012,31,454.58
3682,8/24/2012,24,550.68
3683,8/24/2012,18,120.96
3684,11/21/2010,19,2569.6265
3685,03/12/2009,20,1388.91
3686,03/12/2009,34,1806.65
3687,03/01/2012,46,410.03
3688,7/16/2012,17,3801.27
3689,02/10/2011,31,226.15
3690,3/30/2010,35,1794.03
3691,1/19/2012,13,109.58
3692,11/03/2012,6,43.9
3693,11/03/2012,50,236.28
3694,8/21/2012,33,136.79
3695,10/17/2012,31,336.34
3696,5/14/2010,36,3610.85
3697,05/05/2010,46,1396.75
3698,3/13/2011,20,159.71
3699,02/07/2011,37,187.37
3700,7/24/2009,43,84.61
3701,08/09/2010,3,24.36
3702,4/15/2009,28,443.73
3703,06/07/2010,6,188.44
3704,06/07/2010,13,1265.497
3705,05/08/2011,23,230.41
3706,05/08/2011,48,5163.0105
3707,10/16/2012,10,19.36
3708,2/17/2010,31,538.3
3709,12/02/2009,9,61.43
3710,12/02/2009,6,129.5
3711,12/02/2009,10,125.95
3712,12/02/2009,43,90.93
3713,5/13/2009,28,865.35
3714,5/13/2009,22,823.07
3715,10/08/2009,16,68.04
3716,10/08/2009,27,331.17
3717,09/08/2012,3,26.13
3718,7/29/2012,9,55.49
3719,03/04/2012,24,132.02
3720,09/09/2011,39,20596.58
3721,1/21/2009,33,139.98
3722,12/26/2009,15,1393.39
3723,12/26/2009,42,601.52
3724,02/08/2012,29,169.61
3725,02/08/2012,24,1247.9275
3726,3/30/2009,2,29.03
3727,1/24/2010,42,2252.262
3728,1/24/2010,47,279.01
3729,4/30/2011,21,2561.6705
3730,11/08/2009,24,2004.4
3731,11/14/2010,9,96.52
3732,11/14/2010,4,115.17
3733,12/11/2009,41,222.65
3734,1/16/2009,36,76.48
3735,1/16/2009,2,373.27
3736,5/25/2009,24,113.23
3737,5/25/2009,34,889.84
3738,07/06/2009,6,63.61
3739,07/06/2009,9,519.9535
3740,07/06/2009,41,5636.3075
3741,03/05/2011,50,7663.74
3742,9/25/2012,35,224.58
3743,9/25/2012,36,138.59
3744,9/25/2012,19,97.06
3745,04/05/2011,23,258.74
3746,12/11/2011,43,12858.88
3747,12/11/2011,28,146.69
3748,11/13/2011,28,49.49
3749,11/13/2011,11,404.1495
3750,01/10/2011,17,1782.68
3751,1/23/2010,48,280.87
3752,2/17/2012,42,5361.08
3753,11/12/2009,10,670.03
3754,6/19/2010,28,164.5
3755,11/10/2012,12,1769.74
3756,11/10/2012,42,638.07
3757,5/22/2011,38,468.95
3758,8/22/2010,38,1142.485
3759,9/16/2012,20,2104.991
3760,07/03/2009,19,28.34
3761,09/01/2012,35,343.92
3762,03/03/2010,2,7.75
3763,11/01/2010,43,2433.53
3764,11/01/2010,26,1368.03
3765,11/01/2010,41,260.64
3766,11/01/2010,32,1250.4265
3767,8/21/2009,20,3878.49
3768,3/15/2010,36,580.04
3769,7/18/2012,42,1392.77
3770,2/21/2010,12,1940.21
3771,2/21/2010,44,1717.21
3772,01/11/2012,40,250.13
3773,04/03/2009,29,1958.32
3774,9/15/2009,25,81.76
3775,09/11/2009,4,28.15
3776,09/11/2009,37,558.77
3777,9/29/2009,29,209.3
3778,4/27/2012,34,61.45
3779,02/12/2011,35,5407.9
3780,12/31/2009,47,8216.593
3781,12/31/2009,10,130.36
3782,12/31/2009,1,200.57
3783,9/20/2010,13,80
3784,9/20/2010,8,137.42
3785,3/29/2012,28,174.1
3786,3/29/2012,32,693.17
3787,10/03/2011,40,115.51
3788,12/10/2011,31,187.13
3789,01/11/2010,27,360.7
3790,08/09/2012,31,7323.78
3791,12/13/2012,21,1537.5
3792,08/06/2009,46,259.25
3793,6/15/2011,35,99.13
3794,8/23/2010,18,274.32
3795,02/10/2011,26,171.14
3796,12/20/2010,43,7731.09
3797,12/20/2010,33,10162.576
3798,12/20/2010,33,5834.6465
3799,10/18/2012,19,86.48
3800,9/17/2010,28,327.95
3801,9/17/2010,47,5606.91
3802,11/23/2010,1,129.88
3803,4/16/2012,23,86.53
3804,8/20/2011,20,269.66
3805,12/17/2011,4,28.34
3806,12/17/2011,7,405.3395
3807,4/24/2009,11,113.19
3808,4/24/2009,13,196.04
3809,4/24/2009,28,140.02
3810,08/02/2012,48,2006.38
3811,5/21/2012,7,1134.05
3812,5/21/2012,28,1470.0495
3813,7/27/2010,47,1020.88
3814,01/04/2011,41,11883.2
3815,4/29/2012,6,120.38
3816,03/05/2009,36,2051.8235
3817,11/05/2012,22,621.21
3818,7/14/2012,2,13.29
3819,10/29/2010,7,2423.06
3820,11/29/2011,25,667.64
3821,3/31/2010,9,98.24
3822,12/29/2012,40,181.8
3823,1/31/2012,35,648.58
3824,1/31/2012,43,270.56
3825,11/01/2011,31,233.2
3826,11/01/2011,16,79.53
3827,11/01/2011,43,1680.977
3828,10/18/2012,19,2002.4
3829,07/12/2011,5,24.3
3830,07/12/2011,14,322.61
3831,10/04/2011,2,31.7
3832,10/04/2011,3,143.9815
3833,11/02/2011,20,52.7
3834,9/19/2011,10,1124.244
3835,10/20/2011,23,415.055
3836,9/30/2012,40,73.62
3837,6/30/2010,37,1287.94
3838,6/30/2010,39,585.36
3839,9/17/2012,22,11022.53
3840,9/17/2012,25,377.37
3841,9/17/2012,47,1200.7
3842,5/28/2009,11,73.62
3843,02/11/2012,3,110
3844,02/11/2012,35,186.89
3845,05/12/2012,34,1132.32
3846,05/12/2012,8,593.64
3847,05/12/2012,45,2438.3695
3848,02/03/2010,34,232.4155
3849,6/26/2012,8,71.1
3850,11/30/2009,21,470.79
3851,11/30/2009,6,36.56
3852,11/30/2009,3,55.17
3853,1/21/2011,35,422.25
3854,08/04/2009,44,357.48
3855,5/22/2009,45,1206.15
3856,5/22/2009,44,941.99
3857,06/11/2011,20,137.97
3858,3/24/2009,23,2527.792
3859,4/24/2010,35,6130.9
3860,4/24/2010,10,193.205
3861,03/02/2012,27,14300.26
3862,03/02/2012,3,62.88
3863,02/12/2009,13,197.61
3864,02/12/2009,22,68.92
3865,02/12/2009,38,3594.7435
3866,12/28/2009,7,235.98
3867,1/24/2011,4,14.96
3868,1/24/2011,4,15.69
3869,9/26/2010,20,1156.6715
3870,4/30/2011,33,5437.92
3871,1/26/2010,47,840.04
3872,01/04/2011,33,378.6
3873,01/04/2011,2,38.5
3874,9/20/2009,46,605.97
3875,5/14/2011,42,11230.25
3876,9/18/2011,48,5340.5
3877,10/13/2010,29,4345.86
3878,05/07/2009,26,755.6075
3879,3/15/2009,24,7287.55
3880,11/29/2010,13,137.64
3881,1/14/2010,6,40.31
3882,8/19/2010,36,508.73
3883,09/04/2012,32,731.22
3884,09/04/2012,23,114.14
3885,04/02/2009,16,1427.67
3886,04/02/2009,11,499.26
3887,02/06/2012,30,736.3
3888,02/06/2012,50,346.06
3889,9/15/2012,42,927.97
3890,9/15/2012,9,59.05
3891,10/02/2011,27,153.23
3892,12/07/2010,3,321.57
3893,12/07/2010,12,1085.16
3894,01/03/2011,38,1441.61
3895,01/08/2009,16,64.29
3896,01/08/2009,3,75.77
3897,10/22/2011,4,640.21
3898,10/24/2011,43,6077.11
3899,12/22/2011,48,6746.312
3900,05/09/2009,24,159.43
3901,5/24/2010,30,106.64
3902,02/11/2011,41,17874.26
3903,08/11/2011,13,2388.636
3904,10/08/2010,8,141.77
3905,11/17/2009,26,4286.55
3906,11/17/2009,1,8.34
3907,06/03/2011,27,197.15
3908,02/07/2012,41,89.77
3909,09/06/2011,45,766.9635
3910,1/29/2011,11,76.36
3911,1/29/2011,3,309.9015
3912,03/07/2010,46,3725.53
3913,2/27/2010,8,103.75
3914,2/27/2010,9,855.865
3915,10/11/2009,25,158.83
3916,6/25/2010,28,193.16
3917,05/04/2012,40,1757.43
3918,05/04/2012,8,137.26
3919,05/04/2012,20,2913.1455
3920,1/17/2011,7,308.52
3921,1/17/2011,29,176.5
3922,3/30/2012,37,221.66
3923,02/09/2012,33,6170.02
3924,7/21/2012,42,12270.3
3925,7/31/2012,1,148.344
3926,09/09/2012,1,40.29
3927,09/09/2012,20,775.77
3928,05/11/2011,36,3436.9
3929,07/07/2009,8,1187.01
3930,5/24/2009,31,2360.43
3931,5/24/2009,22,154.6
3932,4/22/2010,46,187.92
3933,03/07/2010,36,1211
3934,03/07/2010,28,4924.135
3935,11/07/2010,35,4890.58
3936,1/29/2010,29,150.28
3937,01/08/2010,24,436.4835
3938,9/30/2011,49,682.77
3939,10/17/2009,32,2421.44
3940,8/16/2011,4,14.75
3941,01/05/2010,31,111.48
3942,01/05/2010,44,2322.812
3943,4/28/2010,24,391.23
3944,11/09/2010,33,207.01
3945,1/27/2009,41,1863.02
3946,1/27/2009,50,55.89
3947,3/21/2010,16,838.81
3948,05/11/2012,12,94.39
3949,3/19/2009,39,936.802
3950,6/15/2012,1,379.8
3951,6/15/2012,48,107.7
3952,1/19/2009,18,3568.45
3953,7/21/2012,45,2604.315
3954,9/25/2010,37,2911.64
3955,8/25/2009,14,36.52
3956,07/10/2012,10,1077.28
3957,07/10/2012,16,61.52
3958,09/10/2010,29,1111.23
3959,7/27/2010,3,64.5
3960,7/27/2010,25,9944.49
3961,02/11/2011,1,172.34
3962,4/15/2010,12,816.23
3963,4/30/2011,33,340.97
3964,4/30/2011,22,136.24
3965,05/03/2012,14,28.82
3966,02/02/2009,31,4713.25
3967,12/22/2011,3,92.31
3968,12/22/2011,42,116.94
3969,8/31/2009,35,1271.12
3970,8/31/2009,17,58.5
3971,5/25/2012,6,53.72
3972,5/25/2012,33,1809.21
3973,5/25/2012,17,9150.09
3974,03/05/2011,34,306.3
3975,03/05/2011,42,163.98
3976,04/12/2010,9,495.1
3977,7/28/2011,4,559.75
3978,10/28/2012,8,1611.73
3979,10/28/2012,1,1946.55
3980,10/15/2012,5,474.793
3981,12/06/2012,28,120.98
3982,12/06/2012,14,1082.66
3983,05/06/2012,46,4744.64
3984,05/06/2012,2,40.8255
3985,05/06/2012,41,607.13
3986,05/06/2012,31,34.22
3987,06/05/2009,14,4998.03
3988,06/10/2010,14,323.11
3989,06/10/2010,11,65.1
3990,06/10/2010,19,163.75
3991,6/29/2010,17,90.93
3992,6/29/2010,35,6170.912
3993,5/24/2009,8,319.62
3994,5/24/2009,32,263.39
3995,5/24/2009,26,7208.8
3996,4/29/2010,45,101.57
3997,06/06/2012,2,107.67
3998,4/29/2012,30,2368.168
3999,05/07/2011,7,33.99
4000,10/30/2010,5,78.79
4001,10/30/2010,9,3928.25
4002,10/15/2012,29,195.21
4003,4/24/2012,47,4725.0905
4004,4/24/2012,50,286.76
4005,7/30/2012,4,7406.49
4006,7/30/2012,50,350.01
4007,3/21/2009,41,18081.76
4008,10/21/2009,49,21337.27
4009,03/06/2010,2,15.81
4010,08/05/2012,41,802.16
4011,9/30/2012,50,3333.1
4012,9/30/2012,27,55.68
4013,02/08/2012,18,56.13
4014,9/24/2010,12,94.83
4015,09/05/2011,1,13.04
4016,03/04/2011,31,197.59
4017,09/02/2010,43,856.45
4018,09/02/2010,1,6.75
4019,1/22/2009,13,1160.59
4020,3/13/2009,2,201.178
4021,3/13/2009,25,2493.24
4022,08/01/2010,28,90.5
4023,08/06/2012,25,157.4
4024,12/03/2011,11,617.219
4025,11/18/2011,20,157.13
4026,11/18/2011,28,195.11
4027,11/18/2011,29,2738.785
4028,11/18/2011,30,217.42
4029,02/09/2012,14,3049.632
4030,02/09/2012,41,1274.949
4031,06/03/2010,18,2657.56
4032,12/04/2009,44,243.5
4033,09/07/2010,43,606.98
4034,09/07/2010,48,301.62
4035,07/11/2012,2,24.51
4036,09/01/2012,33,311.19
4037,7/16/2012,46,1752.0965
4038,3/24/2011,13,76.81
4039,3/24/2011,21,174.22
4040,11/25/2009,35,725.15
4041,7/25/2012,28,1166.29
4042,1/16/2009,20,62.78
4043,1/16/2009,25,2836.0505
4044,11/29/2010,4,701.16
4045,7/25/2010,39,1818.76
4046,7/25/2010,26,4322.26
4047,1/21/2009,37,1251.18
4048,8/18/2012,24,169.354
4049,7/31/2011,14,593.62
4050,7/31/2011,31,38.52
4051,7/20/2010,37,1196.2
4052,7/20/2010,7,98.55
4053,7/23/2010,3,28.75
4054,7/23/2010,3,75.81
4055,7/23/2010,38,259.7175
4056,3/31/2011,12,83.89
4057,10/24/2010,15,43.96
4058,10/24/2010,7,60.19
4059,5/22/2012,20,1361.91
4060,12/02/2011,42,267.06
4061,12/02/2011,11,449.79
4062,6/19/2012,43,512.78
4063,10/04/2010,15,2272.56
4064,04/01/2010,18,8334.03
4065,8/30/2010,22,1516.13
4066,8/30/2010,38,612.49
4067,8/30/2010,7,1092.42
4068,8/24/2010,22,561.92
4069,8/24/2010,19,365.64
4070,3/25/2010,16,1835.84
4071,3/25/2010,48,133.43
4072,3/25/2010,31,1655.3665
4073,6/13/2010,32,1727.79
4074,10/23/2012,42,3931.17
4075,10/23/2012,24,134.88
4076,9/13/2012,23,394.8
4077,11/30/2009,44,276
4078,11/30/2009,46,132.01
4079,1/27/2012,33,207.92
4080,03/01/2010,18,877.64
4081,03/01/2010,9,190.1
4082,6/25/2009,17,1032.072
4083,07/11/2012,25,184.32
4084,11/03/2009,12,34.01
4085,11/03/2009,41,1008.95
4086,11/03/2009,21,3508.33
4087,2/18/2012,50,794.58
4088,08/03/2010,22,123.95
4089,10/29/2010,39,9081.98
4090,10/29/2010,31,806.08
4091,10/29/2010,4,70.02
4092,4/20/2010,28,481.27
4093,12/12/2010,10,52.76
4094,06/10/2011,9,1225.37
4095,06/10/2011,27,1199.57
4096,06/10/2011,10,484.2195
4097,04/03/2011,50,169.13
4098,7/15/2010,29,208.04
4099,8/17/2011,22,136.18
4100,8/17/2011,37,111.37
4101,8/17/2011,15,105.48
4102,4/28/2009,11,78.68
4103,7/17/2012,44,128.22
4104,11/02/2009,31,904.93
4105,11/02/2009,21,98.51
4106,9/17/2009,12,96.73
4107,9/17/2009,34,253.6
4108,11/29/2009,20,307.46
4109,6/23/2009,10,36.91
4110,6/23/2009,8,2155.84
4111,6/23/2009,26,175.27
4112,05/03/2009,49,1400.91
4113,05/03/2009,47,2259.66
4114,05/02/2009,25,172.42
4115,05/02/2009,19,2033.9225
4116,02/02/2009,44,363.92
4117,2/24/2011,50,7778.758
4118,02/04/2012,47,1001.17
4119,6/30/2009,14,890.9
4120,7/18/2011,39,2192.439
4121,09/03/2012,28,3361.02
4122,3/31/2012,23,2732.01
4123,4/21/2009,12,382.29
4124,4/21/2009,37,881.74
4125,4/21/2009,1,22.61
4126,4/21/2009,33,7384.18
4127,12/06/2009,2,18.81
4128,05/07/2009,5,1455.49
4129,10/29/2012,30,5454.51
4130,10/29/2012,42,1264.17
4131,4/20/2009,35,3640.83
4132,4/20/2009,50,225.94
4133,9/24/2010,39,18561.31
4134,7/21/2010,49,617.34
4135,06/06/2011,42,906.07
4136,9/30/2009,28,23106.46
4137,9/30/2009,10,2549.58
4138,10/05/2009,16,5105.06
4139,12/18/2011,15,76.42
4140,6/30/2009,44,1431
4141,06/12/2009,16,79.98
4142,10/01/2010,45,138.45
4143,06/01/2009,4,24.32
4144,06/01/2009,7,344.301
4145,11/10/2010,19,1004.18
4146,09/10/2009,24,3118.6
4147,06/10/2012,46,153.28
4148,02/03/2011,4,130.14
4149,02/07/2010,37,281.79
4150,02/07/2010,40,4064.272
4151,4/23/2012,40,6559.01
4152,4/23/2012,36,263.37
4153,03/12/2009,31,131.43
4154,11/23/2009,37,2374.35
4155,11/23/2009,39,729.21
4156,07/07/2010,7,1822.83
4157,01/08/2011,27,826.27
4158,01/08/2011,29,1777.469
4159,01/08/2011,12,1219.1465
4160,03/04/2012,50,1875.4145
4161,01/11/2011,46,7535.96
4162,01/11/2011,41,1618.31
4163,01/11/2011,1,11.87
4164,6/19/2012,30,630.54
4165,12/05/2011,47,1413.82
4166,12/05/2011,7,56.9
4167,12/05/2011,45,308.92
4168,7/23/2011,22,649.71
4169,11/16/2012,38,3191.24
4170,12/10/2009,18,47.55
4171,7/21/2009,24,520.68
4172,7/21/2009,25,358.78
4173,8/22/2012,50,375.11
4174,1/21/2009,12,97.74
4175,1/21/2009,34,335.59
4176,03/08/2011,27,341.1
4177,03/08/2011,26,171.68
4178,11/20/2012,43,1502.47
4179,11/20/2012,24,2014.13
4180,10/04/2009,15,308.64
4181,04/08/2011,33,13671.94
4182,10/15/2010,31,536.83
4183,10/15/2010,32,1734.31
4184,11/09/2010,26,1614.84
4185,7/21/2009,33,1422.31
4186,08/04/2009,42,5678.5525
4187,9/14/2012,28,132.01
4188,9/14/2012,14,626.33
4189,9/14/2012,3,394.34
4190,12/10/2012,17,233.01
4191,12/10/2012,5,225.72
4192,03/10/2012,26,4769.0695
4193,09/02/2009,46,100.6
4194,09/02/2009,6,958.06
4195,09/02/2009,2,14.75
4196,09/02/2009,31,11262.04
4197,3/19/2011,35,133.07
4198,4/14/2012,25,68.54
4199,4/14/2012,19,10351.01
4200,4/13/2012,30,1824.848
4201,07/07/2011,4,49.86
4202,07/07/2011,32,197.49
4203,4/25/2011,11,24.95
4204,9/28/2011,20,596.56
4205,12/24/2011,8,317.82
4206,11/08/2011,16,136.98
4207,11/08/2011,39,225.17
4208,11/08/2011,24,1112.157
4209,11/08/2011,40,1865.5885
4210,05/11/2011,50,1893.29
4211,05/11/2011,49,2628.047
4212,04/10/2010,46,11002.66
4213,06/11/2009,14,481.4
4214,06/11/2009,24,93.85
4215,06/11/2009,47,85.87
4216,06/11/2009,42,8127.32
4217,06/10/2011,41,236.68
4218,06/10/2011,43,6255.81
4219,06/10/2011,39,616.5
4220,10/13/2009,22,3122.55
4221,1/30/2012,40,264.6
4222,1/30/2012,21,3356.735
4223,8/15/2012,21,664.989
4224,03/02/2009,47,421.08
4225,12/24/2010,16,2834.96
4226,12/24/2010,9,953.989
4227,12/05/2010,26,174.58
4228,12/05/2010,22,8789.54
4229,12/03/2010,1,37.89
4230,10/06/2010,33,2532.6175
4231,2/20/2009,37,159.89
4232,2/20/2009,48,180.48
4233,2/20/2009,31,350.48
4234,1/20/2010,21,46.42
4235,7/17/2009,32,177.52
4236,12/02/2012,36,17560.95
4237,12/02/2012,42,19845.696
4238,03/10/2012,26,4073.17
4239,04/12/2012,47,1613.84
4240,8/14/2011,9,73.05
4241,8/14/2011,44,950.3
4242,8/14/2011,29,8122.53
4243,4/21/2009,1,47.04
4244,12/14/2010,10,965.46
4245,10/15/2009,27,157.57
4246,10/31/2011,6,14.85
4247,6/17/2009,23,155.52
4248,6/17/2009,16,535.54
4249,5/23/2011,28,1360.82
4250,11/20/2009,1,90.88
4251,11/20/2009,34,6236.4755
4252,8/22/2009,23,1256.29
4253,7/21/2010,24,2239.52
4254,02/12/2009,17,127.45
4255,02/12/2009,31,92.18
4256,05/07/2012,11,273.44
4257,11/18/2011,19,614.91
4258,3/24/2012,31,12470.31
4259,11/15/2011,40,718.6
4260,9/17/2010,30,397.17
4261,4/19/2009,36,18092.66
4262,5/20/2010,32,284.92
4263,12/26/2011,42,234.2
4264,07/12/2012,13,70.24
4265,07/12/2012,5,40.75
4266,07/12/2012,30,1150.88
4267,09/04/2010,6,583.64
4268,5/13/2010,46,234.37
4269,5/13/2010,14,1000.3565
4270,12/01/2010,33,12586.19
4271,3/25/2009,47,193.63
4272,3/25/2009,9,64.29
4273,09/06/2012,27,3491.06
4274,09/06/2012,37,14383.83
4275,6/17/2010,8,66.88
4276,6/17/2010,29,447.34
4277,10/04/2012,31,371.68
4278,4/21/2012,48,5556.18
4279,4/21/2012,20,1021.55
4280,4/21/2012,41,205.24
4281,12/11/2010,4,16.08
4282,11/10/2011,30,311.08
4283,8/20/2011,16,116.11
4284,8/20/2011,30,306.92
4285,5/15/2009,45,1802
4286,5/15/2009,50,1832.22
4287,02/04/2012,29,258.61
4288,5/26/2010,33,1379.34
4289,5/26/2010,6,168.25
4290,4/20/2010,41,1871.13
4291,4/20/2010,22,729.57
4292,03/01/2012,7,104.38
4293,6/28/2011,15,627.69
4294,7/27/2009,39,493.26
4295,7/27/2009,37,192.15
4296,05/11/2010,16,2366.18
4297,05/11/2010,49,675.71
4298,05/11/2010,16,292.978
4299,04/06/2009,14,570.5285
4300,8/30/2011,25,276.5
4301,10/20/2011,16,111.9
4302,7/27/2012,8,1173.5
4303,4/13/2011,43,210.66
4304,5/30/2010,41,316.61
4305,5/23/2012,27,116.37
4306,7/13/2011,31,123.93
4307,5/31/2011,32,381.24
4308,5/31/2010,24,103.11
4309,5/31/2010,35,1599.071
4310,5/31/2010,31,968.235
4311,10/14/2010,1,184.46
4312,11/14/2010,28,574.99
4313,1/15/2010,45,3753.42
4314,1/15/2010,23,1130.79
4315,04/09/2012,33,341.42
4316,04/09/2012,30,381.39
4317,02/06/2010,42,223.33
4318,02/06/2010,29,1178.04
4319,02/06/2010,43,121.94
4320,1/18/2011,18,5405.44
4321,7/21/2012,44,1001.99
4322,5/15/2011,12,73.5
4323,1/26/2009,49,4321.63
4324,1/26/2009,11,67.14
4325,8/14/2011,29,3218.42
4326,09/04/2011,23,220.97
4327,4/13/2012,48,368.99
4328,1/31/2009,6,451.44
4329,1/31/2009,16,138.55
4330,7/26/2010,47,1291.35
4331,7/26/2010,31,107.97
4332,01/12/2010,39,857.32
4333,01/12/2010,2,8.87
4334,11/30/2011,44,155.78
4335,7/18/2011,38,4650.07
4336,7/18/2011,39,497.52
4337,05/04/2011,43,103.6
4338,11/17/2009,14,75.15
4339,11/17/2009,43,400.45
4340,4/25/2012,31,96.23
4341,4/25/2012,7,70.08
4342,4/25/2012,3,234.768
4343,08/10/2009,16,376.65
4344,08/10/2009,6,40.06
4345,6/13/2010,10,278.66
4346,6/13/2010,28,491.85
4347,11/18/2011,42,401.37
4348,02/10/2011,9,118.95
4349,02/10/2011,35,3814.171
4350,7/31/2010,20,515.37
4351,4/17/2012,40,2044.2755
4352,02/02/2012,18,122.02
4353,05/03/2012,24,1304.0275
4354,10/01/2012,10,56.05
4355,3/19/2009,28,154.61
4356,3/19/2009,19,1063.35
4357,5/19/2012,42,4182.52
4358,9/15/2012,16,512.81
4359,12/06/2009,8,169.11
4360,12/06/2009,41,152.59
4361,03/10/2012,14,1961.39
4362,03/10/2012,3,4.94
4363,2/19/2010,4,156.97
4364,12/02/2010,50,1118.21
4365,12/02/2010,13,3503.56
4366,4/28/2012,37,1984.61
4367,12/01/2011,1,13.96
4368,12/01/2011,50,531.48
4369,12/01/2011,29,3524.55
4370,12/01/2011,42,890.61
4371,12/01/2011,10,64.19
4372,11/30/2010,37,376.58
4373,12/04/2010,3,1540.77
4374,03/04/2011,4,73.9
4375,10/07/2010,35,897.42
4376,10/07/2010,27,306.02
4377,01/01/2009,32,180.36
4378,3/13/2012,20,240.74
4379,6/16/2010,21,3072.86
4380,08/06/2011,25,5503.39
4381,10/03/2012,16,6573.75
4382,11/15/2012,10,225.09
4383,5/25/2010,14,302.4
4384,5/25/2010,42,1083.37
4385,3/27/2009,11,1736.26
4386,07/12/2009,5,477.76
4387,07/12/2009,4,112.18
4388,01/10/2009,30,164.78
4389,7/24/2009,31,3077.731
4390,1/14/2009,27,217.68
4391,1/14/2009,23,7202.94
4392,1/14/2009,13,245.82
4393,1/25/2010,45,15468.216
4394,11/04/2009,31,906.015
4395,10/07/2011,29,81.1
4396,04/09/2012,3,604.576
4397,8/20/2011,6,128.56
4398,10/20/2011,24,163.36
4399,10/20/2011,21,44.08
4400,10/20/2011,4,1135.64
4401,10/20/2011,33,5154.009
4402,1/21/2009,16,4407.03
4403,1/21/2009,36,173.22
4404,12/07/2011,41,782.05
4405,08/10/2012,41,162.51
4406,08/10/2012,3,561.43
4407,05/07/2009,43,2251.497
4408,4/22/2011,44,324.2
4409,4/22/2011,45,156.95
4410,6/22/2009,18,92.4
4411,7/30/2010,10,1004.89
4412,7/30/2010,47,329.06
4413,12/01/2009,47,4387.24
4414,12/04/2010,41,260.31
4415,11/20/2009,48,7227.42
4416,11/20/2009,39,1836.187
4417,7/21/2009,8,121.74
4418,7/21/2009,4,700.366
4419,5/31/2010,48,92.25
4420,11/26/2010,24,475.9
4421,09/03/2011,23,2296.76
4422,09/03/2011,45,508.49
4423,10/27/2010,17,204.07
4424,10/13/2009,48,112.16
4425,09/07/2012,12,34.41
4426,10/12/2011,15,600.8
4427,06/03/2011,19,3896.39
4428,11/19/2012,11,773.74
4429,11/19/2012,16,302.1325
4430,12/05/2010,34,75.57
4431,5/26/2012,45,16699.56
4432,7/26/2009,40,21425.91
4433,07/03/2010,20,5304.42
4434,02/02/2011,16,1223.43
4435,04/07/2012,50,2018.68
4436,04/04/2009,46,1477.572
4437,11/10/2009,39,3842.99
4438,06/04/2009,32,1587.16
4439,01/09/2009,1,107.95
4440,10/02/2011,1,70.91
4441,10/11/2012,48,179.65
4442,10/29/2012,24,113.43
4443,3/18/2011,15,2130.66
4444,1/15/2009,7,51.27
4445,10/23/2012,7,53.29
4446,07/03/2010,22,399.64
4447,07/03/2010,41,277.35
4448,6/22/2012,20,1357.44
4449,12/16/2010,12,507.44
4450,06/07/2012,36,4169.93
4451,5/30/2012,2,289.73
4452,6/29/2012,4,757.11
4453,10/22/2010,24,8920.08
4454,10/22/2010,49,188.7
4455,10/22/2010,36,14358.64
4456,8/24/2009,7,345.37
4457,10/24/2012,8,105.95
4458,10/24/2012,21,73.8
4459,2/13/2009,44,5483.96
4460,09/02/2009,35,205.87
4461,09/02/2009,38,65.12
4462,5/18/2012,12,2608.79
4463,9/16/2009,6,907.24
4464,6/16/2010,24,9396.27
4465,2/26/2010,21,340.7
4466,04/06/2010,13,1835.47
4467,7/30/2010,41,902.19
4468,7/30/2010,19,657.232
4469,7/31/2012,47,257.2
4470,7/31/2012,29,6139.34
4471,5/19/2010,41,4257.276
4472,03/02/2012,17,1383.9
4473,3/15/2011,37,132.12
4474,11/10/2012,47,1857.88
4475,11/10/2012,36,2160.83
4476,11/10/2012,20,43.94
4477,11/05/2011,14,3023.73
4478,1/18/2009,25,8875.17
4479,1/18/2009,20,331.21
4480,09/09/2010,36,3602.12
4481,09/09/2010,43,1174.94
4482,12/05/2009,25,772.24
4483,1/17/2009,24,7871.91
4484,09/01/2009,33,15464.01
4485,05/02/2011,28,4671.1495
4486,2/27/2011,19,1942.1735
4487,12/28/2009,26,1285.55
4488,05/06/2010,20,3331.81
4489,10/16/2010,31,972.35
4490,5/13/2012,38,3988.0895
4491,04/09/2012,48,3400.63
4492,6/23/2011,22,1683.57
4493,2/15/2012,1,13.53
4494,10/31/2010,1,65.467
4495,2/24/2011,27,305.05
4496,5/23/2010,3,907.18
4497,03/09/2010,25,135.91
4498,4/26/2010,6,1854.94
4499,4/28/2009,30,250.29
4500,06/06/2009,20,129.3
4501,7/20/2010,30,1775.33
4502,12/05/2009,13,15823.27
4503,10/20/2010,46,287.13
4504,06/01/2009,31,501.38
4505,9/14/2009,26,936.95
4506,7/15/2011,9,163.78
4507,2/13/2011,20,2573.29
4508,5/13/2012,33,8305.19
4509,12/20/2011,35,539.21
4510,02/02/2011,4,123.82
4511,4/22/2009,33,3387.32
4512,12/13/2010,30,990.73
4513,09/01/2010,45,372.01
4514,8/20/2012,30,975.12
4515,1/19/2009,18,2215.96
4516,1/22/2011,43,1374.7
4517,8/17/2010,34,209.12
4518,6/23/2011,27,172.7
4519,04/11/2011,8,180.43
4520,8/28/2012,47,9262.35
4521,12/01/2010,42,242.8
4522,5/25/2010,47,271.78
4523,5/21/2011,16,179.26
4524,8/21/2012,19,418.7
4525,7/22/2011,19,193.25
4526,09/02/2012,23,260.08
4527,6/14/2009,41,8958.46
4528,01/10/2009,34,1177.5
4529,12/30/2011,44,362.75
4530,02/10/2012,23,105.93
4531,8/29/2012,9,2643.15
4532,8/28/2010,20,677.9
4533,05/06/2010,44,3249.09
4534,10/31/2010,8,121.624
4535,08/05/2009,26,1033.93
4536,10/25/2011,19,1616.87
4537,11/04/2009,24,752.63
4538,10/31/2010,46,130.9
4539,01/12/2010,3,224.744
4540,9/20/2012,9,169.27
4541,8/27/2012,16,981.26
4542,9/24/2010,7,353.02
4543,05/02/2012,24,222.43
4544,10/28/2012,20,302.94
4545,09/01/2012,6,20.47
4546,6/27/2012,43,621.44
4547,4/13/2009,28,951.06
4548,8/21/2011,2,19.34
4549,10/03/2012,13,1341.31
4550,8/17/2011,10,197.21
4551,06/02/2009,2,25.96
4552,10/01/2009,5,248.3955
4553,12/11/2012,4,28.04
4554,11/11/2011,13,646.55
4555,6/24/2009,39,392.81
4556,4/28/2009,41,5258.94
4557,8/24/2011,49,6335.8575
4558,06/08/2012,13,3723.99
4559,02/02/2009,49,5718.85
4560,9/28/2012,15,675.23
4561,04/02/2011,16,38.2
4562,1/13/2010,39,314.26
4563,04/12/2010,39,7680.29
4564,3/17/2009,38,336.85
4565,11/13/2011,47,14960.096
4566,5/14/2012,39,1343.6
4567,5/14/2012,8,35.28
4568,11/11/2009,17,8937.38
4569,11/11/2009,11,108.85
4570,11/11/2009,49,157.47
4571,08/09/2011,4,25.82
4572,08/09/2011,17,579.71
4573,5/21/2010,12,87.11
4574,2/26/2010,40,121.92
4575,2/26/2010,26,1096.17
4576,3/13/2010,31,1447.62
4577,7/25/2011,20,97.65
4578,7/25/2011,41,1408.34
4579,10/26/2012,9,107.92
4580,10/26/2012,14,2151.08
4581,8/13/2010,11,485.46
4582,11/29/2009,21,352.44
4583,12/14/2009,8,114.73
4584,4/27/2012,30,3295.15
4585,4/27/2012,1,43.9
4586,4/17/2011,38,1541.92
4587,4/17/2011,40,169.48
4588,06/08/2012,2,738.8
4589,06/08/2012,48,2750.7105
4590,04/04/2009,33,2118.26
4591,6/21/2011,27,822.7
4592,01/04/2010,5,2249.05
4593,01/04/2010,48,4813.67
4594,09/12/2012,7,3877.88
4595,10/04/2009,34,307.76
4596,10/04/2009,36,1129.9305
4597,11/29/2011,9,75.94
4598,12/12/2012,47,533.47
4599,12/12/2012,21,61.94
4600,1/31/2009,6,49.81
4601,1/31/2009,40,9141.64
4602,07/04/2010,39,438.8
4603,04/08/2011,33,647.77
4604,07/04/2011,39,315.88
4605,07/04/2011,8,258.11
4606,8/23/2012,7,374.78
4607,03/12/2010,4,43.56
4608,03/05/2009,25,2553.84
4609,8/23/2010,48,7518.12
4610,3/18/2011,42,374.38
4611,3/18/2011,21,1557.42
4612,3/18/2011,14,410.27
4613,3/18/2011,18,1531.93
4614,12/26/2010,15,68.32
4615,12/26/2010,3,536.38
4616,12/26/2010,23,391.8755
4617,6/15/2012,41,1991.93
4618,4/23/2011,35,373.33
4619,09/09/2010,31,164.62
4620,09/09/2010,36,4225.77
4621,09/09/2010,8,53.89
4622,05/06/2012,7,181.32
4623,04/01/2009,30,835.1505
4624,04/01/2009,7,771.834
4625,6/30/2011,43,449.17
4626,6/30/2011,38,79.81
4627,11/08/2010,45,6688.11
4628,10/07/2010,37,1520.26
4629,10/07/2010,30,688.02
4630,02/10/2009,41,473.67
4631,12/24/2011,12,28.41
4632,5/14/2010,33,7869.22
4633,5/14/2010,36,912.44
4634,8/23/2009,36,65.42
4635,8/23/2009,47,5750.94
4636,12/10/2010,27,1991.26
4637,12/10/2010,24,10480.272
4638,2/25/2010,32,383.81
4639,8/26/2010,12,2050.712
4640,8/25/2010,4,5.31
4641,7/22/2011,46,231.35
4642,7/14/2012,27,898.9
4643,9/25/2009,16,3083.04
4644,11/19/2012,43,21921.28
4645,07/06/2011,1,9.69
4646,07/06/2011,48,331.99
4647,7/17/2010,37,426.64
4648,11/16/2011,8,1383.919
4649,1/17/2009,33,528.54
4650,04/10/2009,33,362.17
4651,12/05/2010,25,290.46
4652,12/05/2010,44,1207.4
4653,3/30/2012,11,629.5865
4654,9/16/2009,50,20175.48
4655,11/02/2009,6,56.22
4656,11/02/2009,30,107.96
4657,11/02/2009,40,3169.992
4658,12/17/2010,40,5232.83
4659,07/12/2012,3,236.32
4660,11/28/2012,45,2728.42
4661,11/10/2012,1,6.77
4662,03/01/2009,1,3550.28
4663,06/11/2011,7,43.29
4664,01/09/2011,34,11747.97
4665,11/26/2012,16,487.7
4666,4/17/2012,42,199.58
4667,4/17/2012,10,80.59
4668,4/17/2012,32,4158.0725
4669,8/16/2010,24,1840.8535
4670,11/21/2009,33,1644.59
4671,2/25/2012,12,2409.424
4672,06/06/2010,43,367.11
4673,08/12/2012,22,152.44
4674,08/11/2012,20,2850.31
4675,3/21/2009,13,89061.05
4676,3/21/2009,40,6636.664
4677,9/30/2009,50,2860.93
4678,4/25/2011,23,220.82
4679,9/21/2010,16,336.29
4680,11/27/2010,24,1390.6935
4681,11/27/2010,20,1017.2885
4682,7/17/2009,50,86.7
4683,1/20/2010,26,864.16
4684,06/04/2012,16,623.35
4685,2/23/2012,9,70.88
4686,4/29/2012,10,55.82
4687,4/29/2012,45,1335.316
4688,2/20/2010,39,213
4689,8/15/2010,39,231.08
4690,8/15/2010,48,428.36
4691,12/05/2011,26,118.43
4692,01/03/2009,29,172.51
4693,01/03/2009,4,698
4694,3/29/2010,22,447.23
4695,12/01/2010,34,1541.458
4696,8/22/2009,43,3277.39
4697,8/17/2011,11,127.32
4698,7/29/2012,39,248.64
4699,9/19/2010,5,845.614
4700,4/19/2010,18,84.74
4701,4/19/2010,43,279.83
4702,4/19/2010,20,98.57
4703,11/21/2011,40,102.15
4704,8/14/2011,3,19.57
4705,10/28/2009,43,856.9
4706,07/09/2009,16,519.65
4707,10/21/2011,31,655.33
4708,3/28/2009,10,958.18
4709,08/03/2010,19,506.49
4710,08/03/2010,48,8367.68
4711,08/03/2010,1,74.31
4712,1/22/2009,27,4584.73
4713,1/22/2009,44,4039.72
4714,1/22/2009,25,2570.944
4715,5/26/2012,49,1944.87
4716,5/26/2012,12,61.82
4717,02/02/2010,40,144.28
4718,02/02/2010,19,126.53
4719,08/03/2011,41,417.53
4720,10/04/2010,32,167.07
4721,10/04/2010,34,554.88
4722,10/04/2010,48,309.65
4723,10/04/2010,24,152.37
4724,9/18/2012,13,76.38
4725,9/18/2012,29,2948.63
4726,9/18/2012,4,18.33
4727,01/06/2012,10,86
4728,01/06/2012,13,4805.36
4729,09/07/2010,36,146.71
4730,09/07/2010,36,475.92
4731,4/16/2009,37,4158.1235
4732,08/01/2011,38,283.65
4733,10/20/2012,50,262.87
4734,10/20/2012,43,2531.0875
4735,08/09/2011,41,726.22
4736,2/23/2011,27,353.62
4737,06/11/2011,22,646.07
4738,4/19/2010,4,126.87
4739,7/19/2011,9,520.49
4740,2/27/2009,28,334.89
4741,01/04/2012,3,172.04
4742,01/04/2012,3,113.14
4743,01/04/2012,32,1724.82
4744,05/09/2011,22,1337.81
4745,9/30/2012,31,937.8
4746,5/14/2009,40,227.37
4747,05/02/2011,39,6330.086
4748,02/05/2011,3,1566.8
4749,02/05/2011,30,616.01
4750,02/05/2011,17,438.6085
4751,5/25/2010,5,1386.6
4752,04/05/2009,45,1553.38
4753,09/01/2009,21,441.7
4754,4/27/2009,38,10823.84
4755,8/31/2009,2,42.3
4756,10/09/2009,20,94.86
4757,10/09/2009,25,744.12
4758,4/30/2010,44,174.9
4759,4/30/2010,48,103.8
4760,4/30/2010,19,2557.51
4761,8/20/2010,11,1378.72
4762,7/17/2010,49,5610.612
4763,09/07/2011,20,67.03
4764,09/07/2011,15,140.82
4765,12/05/2010,28,4371.92
4766,12/05/2010,21,1745.118
4767,03/05/2009,44,479.96
4768,3/15/2011,50,28664.52
4769,3/15/2011,6,635.7405
4770,03/02/2012,16,423.07
4771,03/02/2012,33,1602.21
4772,3/27/2009,29,547.82
4773,10/21/2010,14,278.27
4774,03/01/2009,25,667.36
4775,03/01/2009,13,32.37
4776,03/01/2009,38,1409.0875
4777,5/31/2011,7,1011.16
4778,03/01/2010,8,180.79
4779,1/26/2010,8,487.59
4780,12/17/2011,34,4152.12
4781,10/18/2011,16,323.26
4782,02/05/2011,43,17131.36
4783,2/24/2010,10,208.77
4784,11/28/2012,4,34.27
4785,3/13/2010,28,2555.37
4786,02/01/2009,41,3279.01
4787,12/17/2011,26,213.49
4788,10/04/2009,38,375.61
4789,02/06/2011,34,706.91
4790,02/06/2011,31,190.06
4791,11/01/2010,11,86.79
4792,11/01/2010,8,753.8
4793,11/07/2012,38,212.12
4794,10/19/2011,32,6483.42
4795,10/19/2011,10,137.77
4796,11/16/2009,43,540.33
4797,2/19/2010,3,15.88
4798,11/03/2011,11,466.35
4799,04/03/2012,42,153.01
4800,09/03/2011,2,27
4801,7/17/2010,41,225.06
4802,7/17/2010,47,1041.78
4803,04/08/2009,3,32.76
4804,11/19/2011,21,1503.49
4805,11/19/2011,1,10.62
4806,11/19/2011,50,2337.03
4807,11/19/2011,34,29345.27
4808,2/26/2010,48,3355.1
4809,2/26/2010,34,2864.55
4810,2/26/2010,31,65.61
4811,01/04/2012,15,742.8
4812,1/31/2009,46,2188.06
4813,9/26/2009,47,6181.48
4814,9/22/2010,33,283.8
4815,6/25/2010,8,49.14
4816,4/24/2011,10,1600.85
4817,02/07/2009,46,320.93
4818,02/07/2009,14,261.85
4819,8/22/2009,10,56.91
4820,11/29/2010,19,113.2
4821,05/03/2011,27,94.46
4822,06/02/2012,25,1291.2
4823,4/26/2010,28,110.2
4824,4/26/2010,12,54.86
4825,12/16/2011,34,1069.85
4826,07/01/2009,42,1967.83
4827,07/01/2009,9,52.59
4828,09/12/2012,41,8188.19
4829,6/24/2009,17,283.6535
4830,8/26/2010,42,309.17
4831,8/26/2010,29,412.86
4832,04/11/2012,33,103.32
4833,1/16/2009,35,503.75
4834,8/24/2009,4,1614.97
4835,8/24/2009,12,2119.0415
4836,8/30/2011,39,272.39
4837,09/06/2010,50,5369.46
4838,09/06/2010,41,1439.96
4839,11/06/2012,25,122.05
4840,11/05/2011,10,48
4841,8/28/2010,33,505.08
4842,8/28/2010,4,649.2385
4843,2/14/2011,6,830.28
4844,2/14/2011,45,837.386
4845,1/26/2009,10,392.77
4846,1/26/2009,24,7332.088
4847,4/14/2012,38,1504.22
4848,9/26/2010,50,745.48
4849,9/26/2010,45,3086.5115
4850,7/20/2011,6,20.19
4851,2/29/2012,25,151.75
4852,01/11/2012,42,437.73
4853,01/11/2012,16,275.01
4854,09/11/2011,10,567.936
4855,04/06/2011,23,310.52
4856,9/28/2009,2,689.74
4857,8/17/2012,19,210.4
4858,01/01/2010,42,161.77
4859,01/01/2010,11,447.09
4860,01/01/2010,29,4192.88
4861,2/17/2012,20,59.85
4862,6/19/2010,23,1661.04
4863,1/25/2010,15,494.34
4864,9/14/2010,47,2150.25
4865,9/14/2010,13,448
4866,8/26/2012,21,3629.1175
4867,10/23/2012,31,146.51
4868,10/16/2011,30,8316.76
4869,10/16/2011,37,2143.2155
4870,1/23/2012,31,2080.035
4871,1/23/2012,7,145.42
4872,1/23/2012,11,1559.4355
4873,9/19/2009,35,787.56
4874,12/11/2009,37,565.91
4875,12/11/2009,39,593.21
4876,12/11/2009,2,89.23
4877,04/11/2010,13,98.39
4878,08/04/2010,36,65.39
4879,7/27/2009,24,2152.404
4880,01/07/2011,39,4669.19
4881,01/07/2011,6,133.4
4882,11/23/2009,35,2393.63
4883,11/23/2009,49,6177.53
4884,11/23/2009,33,94.6
4885,5/17/2009,7,20.5
4886,11/26/2011,16,76.6
4887,9/16/2012,40,221.86
4888,9/16/2012,25,78.26
4889,9/30/2009,47,992.95
4890,3/28/2009,42,294.78
4891,09/12/2012,45,282.71
4892,09/12/2012,48,724.13
4893,09/12/2012,15,294.66
4894,01/09/2010,32,16172.44
4895,11/01/2011,36,4733.7
4896,11/01/2011,14,2718.07
4897,8/15/2012,17,198.78
4898,8/15/2012,50,281.58
4899,05/03/2011,4,2206.17
4900,05/03/2011,40,621.12
4901,05/03/2011,31,175.92
4902,04/06/2009,27,384.74
4903,12/29/2009,24,133.94
4904,12/29/2009,29,5433.0895
4905,8/14/2009,43,92.63
4906,8/15/2010,23,21062.91
4907,01/06/2009,1,22.13
4908,01/06/2009,19,129.84
4909,5/29/2010,43,3681.7495
4910,9/30/2010,36,2300.45
4911,9/30/2010,46,548.11
4912,2/27/2012,32,1425.06
4913,01/12/2012,3,31.35
4914,06/03/2009,46,11057.6
4915,05/12/2011,44,10445.95
4916,5/13/2012,15,66.33
4917,6/20/2012,28,197.574
4918,05/05/2010,37,4935.72
4919,3/22/2011,12,151.49
4920,3/22/2011,37,308.22
4921,04/09/2009,8,85.85
4922,04/09/2009,41,14377.78
4923,04/09/2009,26,994.27
4924,04/09/2009,29,9558.65
4925,5/28/2011,41,172.15
4926,06/02/2011,13,772.2675
4927,01/03/2010,37,1767.88
4928,01/03/2010,12,277.42
4929,01/03/2010,13,178.13
4930,10/16/2011,17,2637.78
4931,10/16/2011,29,157.4
4932,8/20/2010,43,292.808
4933,5/18/2012,43,1160.55
4934,08/08/2011,35,106.06
4935,3/22/2012,7,131.61
4936,6/19/2009,36,10122.72
4937,6/19/2009,39,203.6
4938,6/19/2009,30,115.81
4939,08/07/2010,49,1058.43
4940,1/17/2009,3,299.08
4941,1/17/2009,26,566.39
4942,1/27/2009,4,377.213
4943,6/30/2011,15,140.07
4944,08/01/2012,5,39.68
4945,08/01/2012,8,1273.266
4946,09/12/2011,22,351.27
4947,11/09/2010,9,49.89
4948,11/09/2010,25,1831.529
4949,06/02/2010,32,599.52
4950,06/02/2010,25,10330.94
4951,4/19/2010,26,3662.16
4952,4/19/2010,21,329.37
4953,08/04/2010,14,1676.44
4954,08/04/2010,14,1406.07
4955,08/04/2010,30,1771.67
4956,03/11/2011,6,127.49
4957,9/25/2009,2,63.427
4958,5/23/2010,31,259.59
4959,5/23/2010,16,34.93
4960,5/23/2010,33,431.06
4961,6/21/2010,8,55
4962,6/21/2010,7,51.66
4963,6/21/2010,37,107.73
4964,11/18/2009,4,174.55
4965,02/04/2009,32,74.34
4966,02/04/2009,35,228.8
4967,02/04/2009,43,6089.05
4968,6/24/2011,44,839.7
4969,6/24/2011,46,1662.5
4970,7/18/2010,46,745.99
4971,9/27/2011,6,473.9855
4972,10/04/2009,24,1548.43
4973,10/04/2009,10,54.84
4974,03/12/2010,21,2185.9535
4975,03/12/2010,12,1323.5435
4976,1/31/2009,36,257.91
4977,08/07/2012,38,6216.6
4978,9/17/2010,26,765.96
4979,12/04/2012,1,102.9
4980,9/27/2010,8,2174.96
4981,12/24/2012,7,51.03
4982,7/15/2012,22,426.7
4983,5/28/2009,30,550.29
4984,01/01/2011,11,62.84
4985,10/01/2009,50,7156.56
4986,11/08/2009,29,6481.95
4987,11/22/2012,49,2469.15
4988,10/23/2010,33,463.42
4989,1/21/2011,4,997
4990,02/06/2012,43,2357.9085
4991,01/01/2011,15,72.67
4992,6/27/2012,50,99.08
4993,9/30/2012,2,25.72
4994,5/22/2012,43,319.96
4995,12/16/2012,32,204.21
4996,1/17/2010,33,223.88
4997,6/24/2011,5,131.27
4998,6/24/2011,29,13571.7
4999,12/16/2009,10,78.72
5000,9/23/2012,21,788.85
5001,9/23/2012,43,364.59
5002,10/30/2011,26,66.6
5003,10/30/2011,9,312.25
5004,11/01/2012,36,70.63
5005,6/24/2012,6,89.75
5006,3/14/2010,41,478.38
5007,9/26/2009,6,247.15
5008,02/11/2010,30,314.93
5009,02/11/2010,25,726.82
5010,6/30/2009,44,115.24
5011,6/30/2009,28,9601.94
5012,03/04/2009,6,973.862
5013,10/06/2010,35,1624.67
5014,10/30/2009,47,116.06
5015,9/18/2010,10,39.42
5016,9/18/2010,35,801.44
5017,9/18/2010,22,1194.06
5018,4/15/2011,49,377.02
5019,4/15/2011,48,7339.24
5020,7/13/2011,38,137.07
5021,7/13/2011,28,203.99
5022,12/25/2009,48,2962.96
5023,12/25/2009,48,782.93
5024,4/15/2011,17,34.16
5025,8/18/2009,5,244.9
5026,02/01/2011,2,125.273
5027,12/30/2011,39,209.33
5028,03/09/2012,41,265.61
5029,03/09/2012,27,485.03
5030,12/15/2011,21,2039.33
5031,1/18/2009,50,2842.54
5032,11/25/2011,24,40.24
5033,7/17/2009,21,98.77
5034,7/20/2010,21,173.7
5035,7/20/2010,5,1811.25
5036,7/20/2010,10,2642.95
5037,4/16/2010,15,614.15
5038,4/16/2010,31,154.24
5039,4/16/2010,20,140.31
5040,3/13/2011,20,1460.42
5041,3/13/2011,42,6659.7415
5042,11/27/2012,45,2601.7905
5043,01/02/2011,50,1227.18
5044,4/13/2012,30,4278.61
5045,8/22/2009,1,10.94
5046,8/22/2009,12,1755.3
5047,3/26/2011,44,205.11
5048,3/26/2011,21,3981.23
5049,3/26/2011,20,2458.2425
5050,02/06/2012,46,11036.16
5051,05/07/2009,18,115.71
5052,1/26/2009,31,4587.3
5053,1/26/2009,15,403.71
5054,1/26/2009,39,1243.45
5055,3/19/2012,46,175.23
5056,5/26/2010,43,224.58
5057,05/09/2012,6,343.36
5058,05/09/2012,7,309.2215
5059,12/03/2010,30,2477.99
5060,12/03/2010,23,48.83
5061,1/13/2009,50,297.76
5062,01/05/2009,43,257.41
5063,11/23/2010,35,241.43
5064,11/19/2011,14,94.32
5065,11/19/2011,30,554.4295
5066,11/07/2009,45,153.27
5067,4/21/2011,47,671.78
5068,4/21/2011,12,262.09
5069,9/29/2012,28,1107.64
5070,9/19/2011,25,1119.91
5071,12/10/2012,12,3534.56
5072,12/10/2012,32,155.27
5073,02/05/2009,29,221.33
5074,5/20/2011,25,74.07
5075,5/20/2011,29,1529.0565
5076,05/12/2009,7,855.03
5077,05/12/2009,31,196.58
5078,10/26/2011,19,75.19
5079,09/02/2011,10,6350.29
5080,07/07/2011,23,1028.16
5081,07/11/2012,5,346.23
5082,11/04/2009,22,249.24
5083,10/31/2009,9,133.85
5084,10/19/2009,50,7827.51
5085,2/28/2011,13,70.13
5086,2/28/2011,5,59.76
5087,8/28/2010,6,195.75
5088,4/30/2010,3,185.16
5089,4/30/2010,22,5144.94
5090,4/30/2010,46,1397.383
5091,01/03/2010,43,287.61
5092,01/03/2010,23,128.52
5093,01/03/2010,41,1011.67
5094,3/31/2009,18,31.13
5095,6/28/2012,26,7201.89
5096,6/13/2011,12,3156.6
5097,6/13/2011,47,302.69
5098,08/12/2012,50,2040.39
5099,04/09/2010,15,272.8925
5100,10/05/2012,41,123.11
5101,7/27/2011,16,41.52
5102,05/12/2012,28,5320.57
5103,11/19/2012,26,3227.38
5104,11/19/2012,48,134.52
5105,02/10/2009,7,104.46
5106,10/17/2009,8,112.47
5107,01/04/2012,38,3531.75
5108,01/04/2012,5,500.5
5109,09/09/2012,12,86.69
5110,7/16/2010,9,157.26
5111,10/29/2009,6,187.6375
5112,11/19/2011,17,114.94
5113,10/08/2010,8,85.36
5114,11/18/2011,32,671.75
5115,11/18/2011,27,9541.04
5116,1/26/2012,4,1035.2
5117,1/26/2012,43,74.17
5118,01/06/2010,25,113.8
5119,01/06/2010,29,480.13
5120,1/19/2012,5,66.92
5121,9/18/2012,24,161.87
5122,8/13/2010,26,45.38
5123,8/13/2010,9,163.3105
5124,8/28/2009,9,123.92
5125,10/11/2011,1,7.15
5126,11/24/2012,35,192.21
5127,4/27/2012,50,207.54
5128,4/27/2012,4,17.33
5129,2/22/2011,18,92.77
5130,4/29/2010,18,130.16
5131,12/24/2012,25,92.53
5132,12/24/2012,17,988.6435
5133,7/31/2010,41,1484.89
5134,04/07/2009,20,244.39
5135,04/07/2009,3,581.42
5136,03/10/2009,36,175.35
5137,03/10/2009,25,590.6
5138,2/15/2009,4,47.12
5139,2/15/2009,3,62.89
5140,04/02/2012,44,565.01
5141,11/29/2010,4,125.78
5142,11/29/2010,16,577
5143,11/29/2010,2,24.53
5144,06/01/2009,11,48.75
5145,06/01/2009,30,112.6
5146,12/02/2012,4,423.95
5147,11/18/2011,48,620.23
5148,02/04/2009,9,118.66
5149,02/04/2009,36,213.74
5150,08/05/2011,42,6427.18
5151,08/05/2011,13,1330.73
5152,4/21/2009,21,7841.57
5153,4/21/2009,21,156.31
5154,10/31/2010,40,207.42
5155,10/31/2010,48,1031.18
5156,5/20/2010,36,461.4
5157,09/04/2010,10,278.1
5158,10/18/2010,5,85.89
5159,06/05/2012,13,4567.36
5160,3/28/2012,30,10413.67
5161,3/28/2012,3,71.49
5162,07/07/2009,20,668.8
5163,11/10/2009,37,641.89
5164,3/30/2012,33,21205.5
5165,07/09/2009,5,24.09
5166,07/09/2009,41,173.27
5167,06/10/2011,44,601.78
5168,3/24/2009,6,60.67
5169,3/24/2009,32,6195.87
5170,07/03/2009,26,299.07
5171,07/03/2009,5,708.87
5172,1/20/2009,36,2167.05
5173,12/20/2011,10,70.02
5174,6/18/2011,10,236.17
5175,11/01/2009,25,152.31
5176,4/28/2011,28,3582.79
5177,9/13/2011,23,149.4
5178,12/17/2012,28,303.97
5179,4/13/2012,43,16269.82
5180,4/13/2012,46,876.59
5181,4/13/2012,41,5000.87
5182,11/30/2012,9,23300.12
5183,11/04/2009,36,331.37
5184,11/04/2009,26,78.03
5185,1/21/2012,40,111.04
5186,10/12/2009,15,103.55
5187,5/23/2011,40,301.12
5188,03/11/2012,42,1876.09
5189,03/11/2012,19,145.26
5190,03/05/2012,43,19461.8
5191,03/05/2012,14,313.85
5192,06/10/2012,3,35.68
5193,06/10/2012,11,234.76
5194,06/10/2012,3,498.49
5195,2/26/2011,40,6069.05
5196,10/30/2009,9,34.18
5197,11/13/2010,27,194.35
5198,05/01/2010,43,413.83
5199,05/01/2010,30,3339.65
5200,02/08/2012,50,3601.07
5201,03/03/2010,43,468.48
5202,03/03/2010,23,284.14
5203,08/09/2010,32,198.7
5204,02/10/2009,44,951.33
5205,4/13/2012,1,15.72
5206,4/13/2012,36,313.83
5207,4/13/2012,11,201.5945
5208,6/18/2011,28,525.4
5209,6/18/2011,37,61.77
5210,11/17/2010,37,99.65
5211,12/30/2012,10,14.15
5212,06/08/2010,18,85.74
5213,06/08/2010,17,2031.98
5214,06/08/2010,24,131.94
5215,9/23/2012,43,528.53
5216,9/23/2012,47,5975.0495
5217,9/23/2012,44,720.52
5218,04/12/2012,46,3849.17
5219,9/24/2011,28,1208.35
5220,08/12/2012,12,69.97
5221,03/02/2009,1,199.48
5222,1/15/2011,37,925.8
5223,1/15/2011,39,282.48
5224,1/15/2011,12,6502.46
5225,06/11/2010,47,1243.52
5226,3/14/2009,34,1932.58
5227,07/02/2009,10,601.57
5228,07/02/2009,9,157.42
5229,7/30/2011,30,299.66
5230,2/26/2011,7,375.57
5231,2/26/2011,15,81.97
5232,7/16/2009,27,636.7
5233,9/13/2009,17,142.94
5234,9/13/2009,35,240.61
5235,9/13/2009,17,1912.76
5236,1/28/2012,46,1591.89
5237,1/28/2012,44,220.07
5238,03/07/2010,37,319.39
5239,11/17/2011,26,2379.3285
5240,10/17/2011,42,4346.98
5241,08/01/2012,26,145.76
5242,02/11/2009,36,9757.48
5243,11/25/2012,13,87.91
5244,12/12/2010,41,5824.01
5245,08/08/2009,15,1187.1525
5246,10/31/2012,49,414.11
5247,7/18/2011,39,4799.7885
5248,5/31/2012,17,122.42
5249,2/25/2009,31,305.76
5250,2/25/2009,3,25.48
5251,8/13/2011,13,409.97
5252,8/16/2011,28,1457.78
5253,7/27/2011,46,5615.4
5254,03/07/2011,33,1692.03
5255,1/19/2011,14,242.284
5256,7/19/2010,8,1391.7645
5257,12/05/2009,5,9704.37
5258,12/05/2009,31,211.94
5259,05/12/2012,22,142.88
5260,07/02/2011,8,876.01
5261,9/27/2011,7,105.94
5262,03/11/2011,29,1337.08
5263,6/19/2010,44,839.19
5264,03/12/2011,23,8673.9
5265,1/18/2012,17,155.89
5266,1/18/2012,26,1333.18
5267,1/18/2012,19,117.27
5268,8/24/2011,44,167.55
5269,11/12/2009,10,254.89
5270,06/01/2011,25,470.11
5271,06/01/2011,43,10854.83
5272,06/01/2011,19,51.23
5273,04/09/2011,37,195.51
5274,04/09/2011,38,4992.63
5275,03/06/2012,2,95.0555
5276,12/01/2009,29,67.97
5277,07/03/2011,5,15.6
5278,07/03/2011,6,631.499
5279,02/10/2009,5,63.85
5280,1/21/2009,36,147.71
5281,01/01/2011,18,1163.75
5282,9/15/2009,45,2544.73
5283,6/28/2010,34,4281.13
5284,08/08/2011,43,1779.87
5285,2/15/2012,28,115.02
5286,2/15/2012,7,118.63
5287,9/19/2009,17,705.85
5288,9/19/2009,37,321.3
5289,09/01/2009,11,227.41
5290,09/01/2009,50,87.44
5291,12/14/2009,15,40.75
5292,12/14/2009,35,424.09
5293,10/10/2009,10,53.32
5294,10/10/2009,26,64.03
5295,10/10/2009,46,2710.5055
5296,02/06/2011,17,86.29
5297,02/06/2011,2,86.92
5298,12/08/2011,28,1717.88
5299,12/08/2011,38,1978.4345
5300,4/13/2009,2,29.32
5301,10/19/2010,29,566.66
5302,1/22/2009,49,134.83
5303,1/22/2009,39,8865.1
5304,10/05/2012,47,10348.73
5305,10/21/2011,41,1258.97
5306,03/07/2012,41,830.53
5307,03/07/2012,2,79.93
5308,9/30/2011,26,799.84
5309,9/30/2011,16,1689.137
5310,11/18/2009,23,42.23
5311,7/22/2009,38,4008.7275
5312,2/20/2010,1,10.94
5313,05/09/2012,28,205.43
5314,05/09/2012,27,979.06
5315,2/13/2009,48,332.55
5316,7/23/2012,20,466.36
5317,5/17/2012,43,130.36
5318,8/18/2010,8,45.24
5319,8/18/2010,7,148.05
5320,2/28/2009,46,1419.83
5321,03/10/2011,27,154.62
5322,03/10/2011,31,1638.2
5323,2/20/2009,24,479.13
5324,04/01/2011,40,1718.87
5325,01/01/2010,6,1193.1
5326,8/29/2012,45,1008.34
5327,12/07/2009,1,534.3
5328,10/31/2012,25,170.4
5329,12/29/2010,50,9059.9
5330,12/29/2010,41,368.17
5331,12/29/2010,3,14.46
5332,12/29/2010,25,168.39
5333,12/28/2010,24,599.1
5334,5/19/2011,6,1309.53
5335,5/19/2011,48,806.37
5336,07/04/2009,39,3908.65
5337,5/29/2009,5,41.25
5338,05/05/2012,4,294.89
5339,05/05/2012,50,246.57
5340,09/03/2010,5,2004.12
5341,09/03/2010,15,3841.72
5342,1/30/2010,47,2053.379
5343,1/30/2010,35,3206.3955
5344,6/16/2011,25,288.91
5345,2/27/2010,19,138.85
5346,11/09/2010,5,41.18
5347,7/25/2012,31,1735.3515
5348,7/23/2011,41,254.69
5349,12/02/2012,32,18316.3
5350,8/18/2012,39,206.09
5351,8/18/2012,2,124.25
5352,8/28/2011,43,320.26
5353,10/12/2010,9,90.37
5354,10/12/2010,39,806.05
5355,02/11/2012,35,3332.06
5356,1/28/2012,14,622.72
5357,4/18/2009,25,2130.22
5358,1/16/2010,26,151.05
5359,1/16/2010,13,133.04
5360,12/20/2012,6,1184.11
5361,12/20/2012,17,514.22
5362,3/16/2009,11,82.42
5363,09/12/2011,25,1907.71
5364,3/30/2009,46,3449.26
5365,10/21/2009,3,14.84
5366,10/21/2009,8,922.47
5367,5/28/2011,36,209.53
5368,5/28/2011,14,225.47
5369,7/31/2010,13,951.31
5370,5/27/2010,14,12043.88
5371,5/27/2010,14,195.12
5372,8/15/2009,37,189.6
5373,8/15/2009,21,397.732
5374,05/01/2009,43,528.6
5375,05/01/2009,24,107.41
5376,6/20/2011,15,1390.49
5377,10/25/2009,39,128.31
5378,09/08/2010,19,82.56
5379,09/08/2010,11,141.07
5380,9/26/2009,36,1841.6
5381,12/22/2012,4,476.31
5382,04/04/2010,17,169.48
5383,08/12/2010,16,581.52
5384,08/12/2010,5,19.17
5385,10/03/2011,30,943.44
5386,10/03/2011,47,14493.84
5387,11/16/2010,35,7264.64
5388,8/27/2010,45,852.05
5389,12/29/2010,14,209.3
5390,10/31/2011,30,200.24
5391,7/27/2012,32,5845.82
5392,6/16/2009,16,706.53
5393,1/20/2010,48,1038.99
5394,1/20/2010,17,114.01
5395,1/20/2010,3,30.37
5396,10/16/2012,33,228.82
5397,10/11/2009,13,1351.76
5398,10/11/2009,49,595.4
5399,1/28/2011,41,12125.14
5400,8/21/2010,44,2094.978
5401,11/22/2011,38,273.89
5402,04/08/2010,3,451.81
5403,02/04/2010,25,495.8
5404,02/04/2010,28,1645.51
5405,09/12/2012,16,237.54
5406,09/12/2012,3,143.5
5407,2/23/2010,41,438.66
5408,2/23/2010,32,416.99
5409,1/28/2010,32,216.51
5410,8/15/2011,26,161.96
5411,4/29/2012,35,587.92
5412,4/29/2012,7,2171.464
5413,02/06/2009,16,950.464
5414,02/06/2009,4,705.687
5415,7/23/2011,3,58.63
5416,7/23/2011,13,94.99
5417,4/17/2011,8,22.37
5418,4/17/2009,41,17853.64
5419,9/26/2009,26,539.66
5420,9/23/2010,43,4620.53
5421,02/04/2011,9,2502.67
5422,05/02/2010,38,3016.85
5423,05/02/2010,11,48.5
5424,12/09/2012,4,6095.14
5425,12/09/2012,46,3776.28
5426,12/09/2012,29,1487.8995
5427,5/28/2012,40,250.6
5428,11/22/2011,15,107.63
5429,10/08/2009,23,68.73
5430,08/10/2012,41,4359
5431,8/25/2011,32,3046.01
5432,8/25/2011,15,353.52
5433,9/19/2011,46,636.5
5434,9/19/2011,25,2614.3705
5435,10/20/2009,39,12073.06
5436,10/20/2009,25,6685.05
5437,10/20/2009,18,1175.53
5438,10/02/2010,19,178.44
5439,12/02/2011,31,472.35
5440,7/22/2009,44,505.01
5441,7/22/2009,41,286.75
5442,12/28/2011,32,980.07
5443,09/08/2009,31,353.25
5444,3/22/2011,7,30.1
5445,08/03/2009,24,4547.26
5446,1/18/2010,26,430.33
5447,1/18/2010,46,1221.47
5448,2/13/2012,15,128.27
5449,09/12/2009,4,292.3405
5450,07/01/2009,8,253.26
5451,07/01/2009,45,6865.072
5452,7/21/2009,20,3361.7585
5453,6/20/2009,38,117.84
5454,6/20/2009,47,121.2
5455,3/14/2012,43,1334.05
5456,3/14/2012,50,6552.86
5457,8/23/2009,16,587.88
5458,06/09/2010,45,2207.9
5459,06/09/2010,41,139.93
5460,06/09/2010,8,15.45
5461,3/23/2009,3,1759.65
5462,3/23/2009,7,88.59
5463,3/21/2010,49,508.38
5464,3/21/2010,28,281.09
5465,3/21/2010,41,276.65
5466,8/30/2010,34,1911.69
5467,8/30/2010,17,120.751
5468,8/30/2010,45,245.55
5469,10/02/2011,19,28.82
5470,10/02/2011,45,75.39
5471,12/06/2010,39,851.17
5472,5/26/2011,15,68.03
5473,12/02/2009,18,2567.13
5474,7/25/2011,42,1244.01
5475,7/25/2011,42,981.73
5476,7/25/2011,44,302.07
5477,6/17/2011,6,1307.184
5478,3/13/2010,9,436.3
5479,3/13/2010,47,364.23
5480,4/19/2009,40,750.14
5481,05/05/2011,8,94.35
5482,05/05/2011,50,276.75
5483,9/23/2009,32,1929.19
5484,5/15/2010,17,58.86
5485,6/28/2012,32,6892.07
5486,5/29/2009,31,801.45
5487,10/06/2012,34,5518.5315
5488,06/12/2011,24,188.47
5489,1/13/2012,31,163.27
5490,1/13/2012,47,24559.91
5491,1/13/2012,21,1217.5
5492,1/13/2012,17,441.53
5493,10/08/2010,6,834.2155
5494,7/13/2012,50,13934.53
5495,7/13/2012,38,1233.76
5496,7/13/2012,49,2377.28
5497,10/09/2010,29,134.68
5498,9/24/2012,33,3671.1415
5499,8/27/2010,31,5445.992
5500,10/29/2009,41,1169.26
5501,3/27/2011,41,136.45
5502,3/27/2011,24,121.81
5503,2/26/2012,18,203.57
5504,01/08/2010,42,287.75
5505,3/28/2009,6,171.77
5506,10/07/2012,5,36.43
5507,5/21/2010,35,2173.26
5508,5/21/2010,20,623.29
5509,5/21/2010,2,40.34
5510,6/13/2009,9,1608.87
5511,6/13/2009,11,37.64
5512,08/12/2012,36,161.56
5513,12/12/2010,19,917.31
5514,9/20/2009,41,129.49
5515,9/20/2009,29,202.95
5516,9/20/2009,26,2753.1925
5517,6/16/2011,18,88.84
5518,03/04/2012,40,909.82
5519,10/18/2009,24,1411.58
5520,10/18/2009,38,2115.242
5521,10/18/2009,9,1246.68
5522,01/04/2011,20,169.18
5523,01/04/2011,37,8252.392
5524,6/21/2010,17,77.19
5525,3/14/2009,36,7223.59
5526,3/14/2009,6,934.216
5527,4/13/2012,24,1307
5528,4/13/2012,22,41.39
5529,01/03/2012,26,2354.15
5530,3/16/2011,50,1558.18
5531,10/28/2009,31,1370.56
5532,10/28/2009,29,172.98
5533,08/04/2010,44,1372.9455
5534,3/30/2010,40,88.02
5535,3/30/2010,32,800
5536,01/09/2011,8,381.69
5537,01/10/2009,35,1009.42
5538,01/10/2009,49,15137.11
5539,01/12/2009,40,1030.09
5540,7/30/2010,47,88.7
5541,7/30/2010,39,105.89
5542,11/18/2010,34,9107.27
5543,12/17/2009,27,71.39
5544,9/29/2011,37,1596.86
5545,9/29/2011,12,78.36
5546,11/20/2009,20,3300.216
5547,11/20/2009,23,331.54
5548,4/22/2010,38,251.3
5549,05/04/2010,41,226.68
5550,01/12/2009,10,401.14
5551,2/23/2009,19,467.4
5552,3/20/2011,44,21532.26
5553,3/20/2011,1,7.64
5554,11/10/2011,27,1154.89
5555,3/21/2010,12,709.54
5556,3/21/2010,42,1220.08
5557,2/26/2009,20,606.3985
5558,08/11/2011,20,1108.366
5559,1/29/2010,17,734.25
5560,05/07/2011,8,741.49
5561,10/10/2012,12,768.41
5562,10/10/2012,47,5238.192
5563,01/04/2011,50,600.22
5564,7/19/2010,45,125.21
5565,7/19/2010,9,924.1115
5566,11/24/2010,50,2440.26
5567,11/24/2010,23,1008.19
5568,8/30/2011,19,169.4
5569,2/27/2009,10,1372.14
5570,07/09/2009,45,6944.092
5571,3/28/2012,12,66.83
5572,3/28/2012,43,1407.515
5573,7/29/2012,40,273.14
5574,7/29/2012,22,3100.1115
5575,12/08/2012,7,57.35
5576,12/08/2012,10,371.45
5577,09/11/2012,10,5158.09
5578,12/12/2011,22,364.69
5579,12/12/2011,16,86.3
5580,01/04/2012,47,12723.95
5581,10/07/2012,43,272.63
5582,8/17/2010,39,546.4
5583,12/30/2012,31,672.93
5584,12/30/2012,1,803.33
5585,3/30/2012,27,109.92
5586,4/20/2009,35,150.29
5587,9/18/2012,32,3500.49
5588,7/27/2009,39,223.34
5589,01/11/2012,30,380.28
5590,4/20/2011,24,67.84
5591,10/05/2010,11,122.35
5592,08/03/2009,6,27.89
5593,08/03/2009,24,2560.9395
5594,12/15/2009,27,43.46
5595,12/15/2009,5,927.9875
5596,5/17/2009,30,3575.23
5597,4/25/2012,25,662.16
5598,10/17/2011,19,5642.18
5599,05/07/2009,48,133.04
5600,12/23/2012,10,554.21
5601,06/11/2011,8,775.74
5602,06/11/2011,26,238.34
5603,11/23/2009,28,67.72
5604,11/23/2009,3,68.64
5605,11/09/2010,24,875.52
5606,2/26/2011,11,405.53
5607,08/06/2010,2,22.07
5608,1/31/2011,15,1866.12
5609,01/03/2009,12,522.49
5610,01/03/2009,49,28359.4
5611,01/03/2009,12,123.76
5612,09/12/2011,6,12.61
5613,11/30/2010,31,74.75
5614,3/29/2012,10,1111.008
5615,04/10/2010,3,15.64
5616,04/10/2010,28,1751.08
5617,04/10/2010,18,225.37
5618,2/19/2012,32,1486.72
5619,2/19/2012,45,558.04
5620,08/08/2012,2,27.83
5621,8/26/2010,29,597.66
5622,8/26/2010,45,1403.741
5623,8/26/2010,10,1246.3635
5624,8/26/2011,42,2507.48
5625,9/30/2012,21,150.16
5626,12/26/2010,43,4687.6735
5627,01/12/2012,21,6435.87
5628,01/12/2012,11,312.03
5629,4/16/2012,13,418.93
5630,11/17/2009,20,676.44
5631,11/17/2009,10,128.02
5632,11/17/2009,15,526.82
5633,2/24/2012,43,7679.512
5634,03/12/2009,46,5074.07
5635,03/12/2009,31,1526.67
5636,7/29/2012,5,77.41
5637,7/29/2012,19,112.67
5638,7/30/2012,3,614.14
5639,4/23/2011,24,223.2
5640,2/16/2012,37,101.9
5641,2/16/2012,7,187.33
5642,2/16/2012,45,259.17
5643,2/16/2012,43,4697.032
5644,02/01/2011,4,13.42
5645,1/27/2012,32,320.57
5646,11/28/2011,23,138.71
5647,07/06/2011,38,29186.49
5648,5/24/2012,18,53.79
5649,5/17/2009,43,354.96
5650,5/17/2009,26,130.97
5651,12/07/2009,34,459.08
5652,04/02/2010,20,193.7
5653,04/06/2012,46,6730.07
5654,11/22/2010,33,553.3415
5655,05/10/2012,22,152.52
5656,05/10/2012,14,71.6
5657,05/10/2012,37,1699.983
5658,07/03/2012,34,43.54
5659,12/09/2011,50,330.27
5660,12/26/2011,3,448.3665
5661,07/10/2012,49,841.51
5662,12/25/2009,20,71.07
5663,10/06/2009,31,176.28
5664,7/16/2012,30,8718.46
5665,7/16/2012,26,135.88
5666,8/16/2010,38,487.98
5667,10/29/2010,45,254.92
5668,7/24/2010,26,1846.2
5669,7/24/2010,11,32.03
5670,7/24/2010,44,185.82
5671,6/14/2009,24,7046.61
5672,09/09/2009,5,14.74
5673,3/25/2011,26,423.14
5674,3/25/2011,22,628.39
5675,3/25/2011,2,162.49
5676,7/20/2009,21,133.15
5677,7/20/2009,45,136.71
5678,10/05/2010,6,96.03
5679,05/11/2009,11,28.63
5680,05/11/2009,45,8014.624
5681,09/05/2012,7,1339.024
5682,01/05/2009,23,725.43
5683,09/01/2010,42,130.96
5684,11/15/2011,29,11039.75
5685,11/15/2011,30,4982.944
5686,11/18/2010,12,31.77
5687,11/18/2010,33,208.05
5688,11/24/2010,25,827.47
5689,10/09/2010,50,7017.42
5690,04/03/2011,26,1075.91
5691,04/03/2011,21,1176.859
5692,12/25/2009,39,651.45
5693,12/26/2010,34,536.25
5694,12/26/2010,1,5.73
5695,10/15/2011,13,189.99
5696,1/15/2009,25,201.06
5697,10/04/2011,46,459.26
5698,12/04/2009,48,410.35
5699,1/18/2012,5,901.374
5700,10/15/2009,19,513.5
5701,5/26/2010,7,182.89
5702,6/17/2011,20,148.65
5703,6/17/2011,28,198.21
5704,02/10/2010,1,5.63
5705,02/10/2010,5,16.48
5706,02/10/2010,38,15655.24
5707,5/21/2011,7,189.73
5708,5/21/2011,40,278.8
5709,07/01/2009,6,2170.61
5710,11/23/2010,29,163.04
5711,11/23/2010,31,9041.26
5712,5/23/2009,46,3519.12
5713,5/23/2009,37,108.33
5714,03/04/2009,14,3950.6
5715,5/30/2010,12,254.12
5716,5/30/2010,37,767.04
5717,12/04/2011,37,6072.1875
5718,12/29/2012,46,1936.45
5719,12/29/2012,17,3711.04
5720,4/28/2012,7,2789.03
5721,10/24/2012,10,403.88
5722,4/15/2009,49,3291.13
5723,4/15/2009,40,736.96
5724,10/01/2009,35,2333.06
5725,6/27/2012,17,267.58
5726,7/18/2010,2,555.68
5727,4/18/2012,44,486.63
5728,4/28/2011,27,1403.027
5729,1/21/2011,38,188.38
5730,11/24/2010,28,881.501
5731,11/24/2010,25,161.72
5732,11/24/2010,36,660.059
5733,4/18/2011,7,138.91
5734,01/08/2012,42,162.57
5735,1/17/2009,13,196.22
5736,1/17/2009,11,49.76
5737,3/13/2010,42,670.65
5738,08/11/2009,31,2797.41
5739,08/10/2009,14,89.93
5740,11/16/2012,20,340.952
5741,5/16/2011,44,831.5805
5742,3/22/2009,27,337.61
5743,3/22/2009,42,636.34
5744,8/25/2011,13,98.82
5745,8/25/2011,40,289.19
5746,08/07/2010,17,196.07
5747,10/18/2012,1,13.45
5748,10/18/2012,11,75.79
5749,6/20/2011,12,46.55
5750,01/08/2011,29,1499.5275
5751,8/13/2009,15,1917.61
5752,6/27/2011,33,2492.97
5753,10/26/2012,29,575.89
5754,10/26/2012,43,260.6
5755,7/15/2012,50,172.23
5756,5/18/2009,41,470.74
5757,1/18/2009,12,141.9
5758,1/18/2009,29,1379.1
5759,1/18/2009,17,278.76
5760,01/08/2012,30,182.92
5761,10/09/2009,34,3361.84
5762,10/09/2009,29,195.82
5763,03/09/2009,33,987.3175
5764,7/15/2011,15,140.56
5765,06/03/2009,42,1186.06
5766,06/03/2009,28,51.53
5767,3/19/2012,25,3872.634
5768,5/18/2011,44,523.42
5769,5/18/2011,40,192.54
5770,5/18/2011,29,156.7
5771,7/16/2010,47,622.82
5772,3/28/2009,40,5945.3675
5773,7/19/2011,42,569.32
5774,05/04/2010,41,120.03
5775,12/20/2010,7,35.58
5776,5/20/2010,31,153.28
5777,5/27/2012,36,139.95
5778,5/27/2012,24,5207.5
5779,12/05/2010,11,92.14
5780,12/05/2010,40,257.43
5781,9/24/2009,44,3021.64
5782,11/24/2010,4,17.89
5783,9/13/2009,28,1560.617
5784,10/12/2011,8,339.35
5785,10/12/2011,11,33.67
5786,12/14/2009,23,849.46
5787,12/11/2012,20,303.69
5788,9/13/2010,22,116.84
5789,07/02/2009,20,1205.73
5790,3/23/2012,50,2796.67
5791,1/19/2012,31,354.45
5792,1/19/2012,13,238.43
5793,1/19/2012,36,1606.4
5794,6/26/2011,16,772.412
5795,10/11/2012,3,31.95
5796,10/11/2012,34,563.82
5797,10/11/2012,31,502.44
5798,6/23/2011,10,767.34
5799,4/20/2011,40,5554.036
5800,11/06/2012,14,677.43
5801,03/01/2011,19,3355.154
5802,4/27/2009,10,564.85
5803,4/27/2009,14,572.33
5804,03/08/2009,11,3571.84
5805,03/08/2009,33,310.44
5806,08/01/2012,34,180.27
5807,08/01/2012,39,626.96
5808,08/01/2012,18,236.31
5809,6/14/2012,22,263.63
5810,05/08/2011,35,1078.58
5811,2/14/2009,47,1003.43
5812,5/17/2011,34,2779.2
5813,5/17/2011,26,65.21
5814,02/11/2009,48,8475.962
5815,02/11/2009,18,3015.494
5816,05/11/2012,27,156.82
5817,07/05/2011,50,2510.71
5818,11/18/2009,37,988.42
5819,8/14/2010,28,101.25
5820,05/07/2012,1,28.73
5821,05/07/2012,31,67.88
5822,08/09/2009,42,865.21
5823,9/22/2010,46,2660.6105
5824,8/13/2009,10,65.52
5825,02/02/2010,23,441.99
5826,02/02/2010,34,245.19
5827,1/13/2011,41,1271.0475
5828,9/18/2009,30,1394.36
5829,05/04/2011,25,375.74
5830,05/04/2011,36,1095.11
5831,08/04/2010,6,124.65
5832,11/03/2010,14,3830.84
5833,11/03/2010,22,267.43
5834,11/05/2012,8,137.38
5835,07/03/2011,45,296.82
5836,04/02/2009,28,1801.95
5837,02/08/2012,18,1713.8
5838,02/08/2012,16,116.69
5839,1/14/2010,32,210.9
5840,9/24/2012,44,6768.16
5841,9/24/2012,4,10.65
5842,11/07/2011,9,149.64
5843,9/22/2012,33,570.24
5844,9/27/2009,27,258.54
5845,9/27/2009,19,1972.884
5846,10/26/2011,28,75.74
5847,9/15/2011,38,1230.83
5848,9/15/2011,37,169.93
5849,9/15/2011,23,1176.944
5850,06/11/2009,29,909.721
5851,12/12/2009,31,203.53
5852,5/22/2012,47,63.47
5853,12/28/2012,26,560.03
5854,4/27/2010,11,323.91
5855,4/27/2010,10,185.59
5856,4/27/2010,18,7168.15
5857,10/12/2011,33,278.65
5858,7/22/2011,43,866.73
5859,7/22/2011,6,642.42
5860,7/22/2011,26,2169.7525
5861,6/14/2012,27,4488.2635
5862,5/21/2012,8,41343.21
5863,05/10/2011,6,273.38
5864,05/10/2011,8,179.66
5865,06/01/2010,2,13.5
5866,06/01/2010,38,540.64
5867,7/27/2011,35,269.35
5868,8/20/2011,8,68.94
5869,8/20/2011,10,74.04
5870,5/23/2012,29,1104.28
5871,11/03/2009,20,6865.19
5872,09/09/2012,49,174.81
5873,09/09/2012,20,89.51
5874,6/21/2011,48,175.99
5875,6/21/2011,33,221.23
5876,12/17/2010,15,262.29
5877,12/17/2010,2,116.314
5878,2/13/2012,32,402.49
5879,2/13/2012,1,1754.29
5880,10/08/2012,27,8213.37
5881,10/08/2012,32,109.01
5882,10/08/2012,12,138.88
5883,09/01/2011,13,315.792
5884,10/12/2010,3,11.76
5885,10/12/2010,22,100.13
5886,10/12/2010,3,1192.93
5887,3/27/2010,29,198.43
5888,01/02/2010,42,756.7295
5889,01/02/2010,38,3676.96
5890,3/30/2010,48,3982.42
5891,3/30/2010,32,4025.66
5892,7/17/2009,43,1114.42
5893,05/10/2009,23,753.75
5894,01/09/2011,50,839.07
5895,01/09/2011,45,5643.49
5896,9/17/2010,41,405.83
5897,8/14/2009,47,5294.48
5898,8/14/2009,25,423.15
5899,8/14/2009,27,2762.857
5900,6/23/2009,21,1130.806
5901,05/06/2011,45,461.05
5902,09/04/2009,43,9501.624
5903,7/17/2012,21,205.32
5904,7/17/2012,47,807.6
5905,7/17/2012,11,694.17
5906,05/09/2009,41,257.66
5907,05/09/2009,18,211.4
5908,05/09/2009,44,287.22
5909,05/09/2009,22,1148.0355
5910,05/01/2011,29,2770.79
5911,6/14/2012,47,5301.2
5912,6/14/2012,12,418.44
5913,02/06/2011,3,21.01
5914,02/06/2011,1,3457.99
5915,3/16/2011,14,270.25
5916,10/13/2012,36,1152.63
5917,10/13/2012,4,7.56
5918,9/14/2012,40,1710.65
5919,03/09/2010,11,85.62
5920,2/13/2011,19,5441.06
5921,4/25/2010,40,70.45
5922,12/18/2009,8,129.18
5923,12/18/2009,44,1016.26
5924,08/02/2010,40,382.65
5925,08/02/2010,9,61
5926,08/02/2010,19,3559.613
5927,4/15/2010,40,245.82
5928,3/31/2009,8,155.924
5929,06/12/2009,3,34.23
5930,06/12/2009,22,383.33
5931,6/13/2012,47,7647.97
5932,6/13/2012,43,6861.8545
5933,10/01/2011,3,44.84
5934,10/01/2011,13,1281.1795
5935,10/01/2011,38,710.33
5936,07/09/2009,31,16949.44
5937,10/08/2009,42,1504.01
5938,10/08/2009,13,163.62
5939,1/31/2010,22,887.98
5940,1/31/2010,3,72.46
5941,09/09/2010,19,470.39
5942,09/09/2010,2,15.04
5943,12/16/2011,42,312.05
5944,3/26/2009,7,545.04
5945,3/26/2009,29,606.91
5946,08/04/2012,23,91.94
5947,08/04/2012,6,377.03
5948,10/19/2009,4,67.22
5949,10/19/2009,18,76.85
5950,7/29/2012,3,112.79
5951,3/15/2011,50,6356.68
5952,3/15/2011,47,193.15
5953,12/25/2011,41,170.82
5954,12/25/2011,4,1609.69
5955,11/28/2012,36,82.09
5956,1/31/2012,44,299.85
5957,10/03/2010,36,63.53
5958,12/10/2011,6,48.05
5959,04/11/2012,34,3373.7095
5960,8/31/2011,25,12343.07
5961,8/29/2010,41,812.21
5962,12/03/2011,7,15.61
5963,12/03/2011,18,47.11
5964,9/29/2010,39,3451.85
5965,10/31/2011,11,54.59
5966,10/31/2011,35,597.04
5967,3/24/2012,8,32.31
5968,3/24/2012,6,57.9
5969,3/24/2012,46,562.95
5970,03/09/2009,35,285.01
5971,03/09/2009,33,12215.43
5972,03/08/2011,12,138.67
5973,03/08/2011,16,506.84
5974,06/09/2010,43,679.65
5975,01/12/2012,43,412.62
5976,4/18/2009,14,3830.14
5977,4/18/2009,40,1559.86
5978,1/15/2010,10,74.87
5979,1/15/2010,42,3931.318
5980,03/02/2010,21,215.76
5981,08/10/2012,22,75.03
5982,06/10/2011,23,294.91
5983,5/14/2010,24,131.65
5984,12/08/2011,23,750.39
5985,12/08/2011,4,18.46
5986,9/13/2009,47,838.4
5987,3/17/2010,7,48.04
5988,3/15/2011,18,130.38
5989,05/07/2009,19,333.68
5990,1/25/2009,15,1532.482
5991,8/18/2010,7,283.57
5992,01/06/2009,23,3674.08
5993,01/06/2009,46,1413.89
5994,01/06/2009,2,61.7185
5995,04/06/2009,17,1556.61
5996,04/06/2009,49,645.14
5997,04/06/2009,44,4851.5025
5998,2/26/2011,20,862.64
5999,10/15/2012,43,2123.64
6000,05/08/2011,46,2968.66
6001,12/12/2010,33,63.96
6002,12/12/2010,23,177.23
6003,12/15/2012,3,14.74
6004,12/15/2012,43,117.68
6005,05/04/2010,32,202.89
6006,9/23/2012,21,535.57
6007,11/08/2012,26,452.39
6008,11/08/2012,5,117.13
6009,12/02/2009,2,65.31
6010,4/28/2012,9,73.7
6011,9/13/2010,10,71.24
6012,2/17/2012,15,1616.66
6013,2/17/2012,6,96.21
6014,02/04/2009,46,237.15
6015,02/04/2009,22,179.22
6016,02/04/2009,10,71.86
6017,02/06/2009,30,6589.304
6018,2/24/2011,38,136.5
6019,9/14/2009,6,250.376
6020,8/23/2011,15,5296.19
6021,10/09/2012,37,230.97
6022,10/09/2012,46,723.17
6023,01/08/2009,23,324.28
6024,7/27/2011,40,254.02
6025,6/22/2011,32,546.01
6026,7/21/2009,1,1786.04
6027,09/03/2011,4,24.77
6028,09/03/2011,36,3832.37
6029,3/28/2010,25,100.34
6030,3/28/2010,45,75.68
6031,5/20/2012,7,163.14
6032,11/24/2012,7,42.66
6033,11/24/2012,18,655.58
6034,11/24/2012,12,1465.33
6035,10/26/2010,31,187.18
6036,10/26/2010,36,104.21
6037,10/26/2010,14,1331.224
6038,12/22/2010,14,50.8
6039,12/22/2010,37,750.89
6040,7/24/2012,17,67.73
6041,08/06/2009,41,854.23
6042,08/06/2009,26,47.91
6043,08/06/2009,38,6427.258
6044,4/29/2011,11,5510.23
6045,4/29/2011,21,177.06
6046,09/05/2011,35,12908.4
6047,7/22/2012,31,477.16
6048,02/12/2011,30,663.24
6049,02/12/2011,35,238.08
6050,02/12/2011,14,174.3
6051,8/19/2009,19,991.36
6052,5/13/2012,33,803.11
6053,2/27/2010,30,17034.92
6054,2/27/2010,3,22.6
6055,2/27/2010,9,918.7395
6056,04/11/2012,5,2600.44
6057,01/09/2012,11,1247.8595
6058,9/18/2010,22,3760.3065
6059,11/16/2009,45,318.94
6060,04/05/2009,15,1093.6355
6061,2/26/2011,18,325.58
6062,2/26/2011,9,458.8
6063,8/14/2012,10,267.06
6064,8/14/2012,22,82.98
6065,3/25/2009,11,1610.29
6066,3/25/2009,30,617.51
6067,3/25/2009,23,278.83
6068,3/25/2009,46,1605.22
6069,12/01/2010,41,357.01
6070,11/22/2009,20,632.05
6071,7/28/2010,12,600.86
6072,7/28/2010,5,17.06
6073,7/15/2012,23,1198.1
6074,11/26/2009,49,276.3
6075,11/26/2009,15,120.52
6076,11/26/2009,42,2269.01
6077,12/19/2011,31,2893.31
6078,12/19/2011,25,3923.27
6079,12/26/2010,24,2332.5955
6080,05/07/2012,3,461.89
6081,05/07/2012,29,575.11
6082,05/07/2012,23,236.46
6083,07/04/2011,39,197.56
6084,03/05/2012,17,186.02
6085,03/05/2012,5,142.44
6086,05/10/2010,38,967.78
6087,4/18/2009,23,3041.33
6088,03/10/2010,49,314.21
6089,06/08/2011,48,1347.63
6090,06/06/2011,8,120.22
6091,9/21/2009,23,66.09
6092,8/23/2009,10,1597.37
6093,8/23/2009,31,1753.958
6094,2/27/2010,33,497.4
6095,2/27/2010,48,4965.384
6096,2/27/2010,8,358.4195
6097,2/27/2010,31,3232.68
6098,1/13/2012,35,236.99
6099,1/13/2012,46,4617.336
6100,11/26/2012,35,89.71
6101,2/13/2011,28,1703.8505
6102,2/13/2011,17,303.1865
6103,1/22/2009,6,187.37
6104,5/14/2011,23,356.09
6105,01/10/2012,31,162.58
6106,01/10/2012,44,6815.23
6107,11/21/2009,23,496.15
6108,04/01/2009,9,566.53
6109,10/04/2011,15,486.43
6110,10/04/2011,7,144.95
6111,8/16/2012,20,131.71
6112,02/04/2010,45,271.06
6113,02/04/2010,6,58.84
6114,02/04/2010,12,1211.72
6115,02/04/2010,9,75.26
6116,02/04/2010,7,407.116
6117,5/25/2012,21,69.06
6118,5/25/2012,50,84.01
6119,5/25/2012,34,592.92
6120,8/29/2012,15,106.1
6121,05/01/2009,28,149
6122,05/01/2009,49,334.29
6123,02/11/2010,17,454.09
6124,10/27/2009,39,124.01
6125,10/27/2009,49,1836.84
6126,10/09/2011,40,272.01
6127,10/09/2011,16,171.5
6128,08/02/2011,23,195.61
6129,04/01/2012,34,197.45
6130,04/01/2012,36,82.98
6131,02/11/2012,44,2507.79
6132,02/11/2012,30,1052.68
6133,02/11/2012,30,2536.31
6134,9/26/2010,37,101.2
6135,12/21/2010,34,1950.036
6136,07/12/2009,43,265.38
6137,07/12/2009,5,33.41
6138,07/12/2009,28,7157.16
6139,07/05/2011,44,286.06
6140,07/05/2011,41,248.1
6141,4/20/2009,20,112.42
6142,10/06/2011,43,1054.7
6143,10/06/2011,38,5349.21
6144,10/06/2011,39,4859.37
6145,9/15/2010,39,116.63
6146,04/08/2012,32,1932.97
6147,04/08/2012,46,476.49
6148,01/11/2009,19,6991.65
6149,1/16/2009,37,832.14
6150,09/05/2012,4,55.97
6151,09/05/2012,9,174.72
6152,09/05/2012,48,2271.37
6153,1/15/2009,9,24.76
6154,04/09/2011,3,30.92
6155,04/09/2011,24,142.8
6156,5/29/2012,46,241.81
6157,7/18/2010,14,425.67
6158,7/18/2010,9,173.44
6159,02/01/2011,44,3644.596
6160,3/14/2009,45,9539.6
6161,3/14/2009,24,109.86
6162,3/14/2009,19,1426.5125
6163,05/10/2010,32,103.48
6164,4/15/2011,46,662.51
6165,4/15/2011,21,61.18
6166,03/11/2010,36,1561.2205
6167,7/20/2009,6,7767.02
6168,7/20/2009,1,1893.93
6169,5/23/2012,25,536.21
6170,5/23/2012,18,4428.56
6171,11/20/2011,19,305.68
6172,11/20/2011,41,1901.29
6173,9/29/2009,11,642.9145
6174,05/06/2012,49,14981.74
6175,05/06/2012,36,5587.2
6176,05/06/2012,49,401.39
6177,04/09/2009,11,985.01
6178,04/09/2009,36,350.71
6179,04/09/2009,2,75.23
6180,7/13/2011,36,220.45
6181,4/19/2009,30,2504.41
6182,05/03/2012,20,71.45
6183,7/26/2011,32,1785.02
6184,1/14/2009,14,2690.84
6185,1/14/2009,8,733.55
6186,1/14/2009,3,38.71
6187,1/14/2009,14,62.6
6188,3/21/2012,22,963.45
6189,3/21/2012,25,4390.029
6190,5/19/2011,44,123.06
6191,12/18/2009,46,1692.28
6192,1/17/2009,39,1101.28
6193,05/03/2009,15,1765.45
6194,8/23/2012,42,2245.6915
6195,4/23/2011,45,325.8
6196,11/29/2009,49,8094.55
6197,5/22/2012,45,2848.83
6198,11/28/2009,20,835.48
6199,8/21/2010,24,3201.16
6200,6/23/2010,23,1484.49
6201,6/23/2010,18,740.49
6202,5/24/2011,46,569.92
6203,5/24/2011,28,183.65
6204,10/13/2011,26,241.92
6205,05/04/2010,4,52.59
6206,10/30/2012,3,10.62
6207,10/30/2012,39,666.4
6208,10/30/2012,10,351.3
6209,12/28/2009,27,575.74
6210,4/22/2010,20,586.619
6211,7/17/2012,47,557.52
6212,12/06/2009,15,201.74
6213,12/06/2009,35,1822.13
6214,1/17/2009,18,130.11
6215,1/17/2009,3,337.3395
6216,02/07/2009,46,1398.87
6217,10/03/2011,11,1479.14
6218,12/17/2011,35,173.22
6219,4/22/2009,45,221.06
6220,07/08/2012,6,201.83
6221,3/17/2012,18,283.5
6222,3/17/2012,36,242.13
6223,10/15/2011,43,344.24
6224,09/11/2011,42,248.92
6225,1/26/2011,10,1290.37
6226,1/26/2011,2,23.18
6227,8/28/2012,46,979.44
6228,9/23/2009,29,575.36
6229,09/04/2011,21,7922.69
6230,1/19/2010,1,155.51
6231,10/18/2012,32,317.06
6232,9/19/2010,2,17.3
6233,5/20/2011,32,128.14
6234,5/20/2011,9,67.46
6235,6/22/2011,23,524.25
6236,06/05/2012,38,14753.08
6237,7/29/2011,44,4326.27
6238,3/23/2011,37,254.93
6239,10/28/2011,11,472.12
6240,10/02/2010,6,192.99
6241,10/02/2010,20,11829.4
6242,5/18/2009,3,10.12
6243,9/19/2009,11,455.88
6244,11/14/2009,41,5930.34
6245,12/18/2011,1,10.59
6246,12/16/2009,22,922.39
6247,12/16/2009,11,79.19
6248,4/25/2010,3,469.438
6249,5/20/2012,13,269.02
6250,8/27/2012,31,293.18
6251,11/20/2012,43,183.41
6252,11/14/2010,12,3752.61
6253,11/14/2010,9,548.36
6254,06/01/2009,16,44.46
6255,06/01/2009,25,542.11
6256,06/07/2012,1,343.78
6257,06/07/2012,34,826.09
6258,9/18/2012,29,197.41
6259,9/18/2012,46,712.18
6260,12/21/2009,41,627.91
6261,12/21/2009,28,46.89
6262,9/25/2009,33,1935.17
6263,9/25/2009,27,812.68
6264,3/26/2009,41,271.11
6265,4/23/2009,2,6.13
6266,3/26/2012,39,1032.97
6267,3/26/2012,13,324.83
6268,2/20/2010,16,48.57
6269,10/24/2012,6,54.28
6270,03/05/2009,21,6005.21
6271,1/29/2010,49,3283.74
6272,8/28/2012,19,262.32
6273,9/14/2009,29,1707.99
6274,12/11/2009,37,560.39
6275,12/11/2009,42,7062.616
6276,04/01/2012,4,51.94
6277,09/02/2011,40,366.87
6278,4/22/2009,18,292.11
6279,05/01/2012,47,7890.89
6280,02/04/2010,44,2773.84
6281,9/25/2010,44,289.94
6282,9/25/2010,8,1848.52
6283,1/23/2009,42,1312.65
6284,11/24/2010,27,58.64
6285,11/24/2010,20,136.06
6286,6/30/2011,14,135.21
6287,2/14/2010,45,5007.69
6288,2/14/2010,45,1379.62
6289,05/03/2010,50,627.12
6290,05/03/2010,18,4096.21
6291,04/03/2010,31,2712.07
6292,03/10/2009,6,608.93
6293,10/09/2009,25,901.32
6294,10/09/2009,24,207.21
6295,10/04/2012,40,2182.91
6296,10/04/2012,14,1144.35
6297,10/04/2012,8,1496.83
6298,10/26/2012,23,218.71
6299,10/26/2012,19,103.68
6300,01/06/2009,17,37.06
6301,4/20/2011,44,302.59
6302,4/20/2011,26,2703.45
6303,01/06/2009,27,46.86
6304,01/06/2009,34,1089.59
6305,5/25/2012,1,15.73
6306,5/25/2012,35,1041.74
6307,5/25/2012,26,4300.626
6308,02/04/2010,3,19.98
6309,1/29/2009,38,16147.61
6310,1/29/2009,14,1122.6375
6311,10/01/2012,16,1434.086
6312,8/26/2012,45,2079.474
6313,02/05/2011,4,81.78
6314,03/02/2009,3,12.01
6315,03/02/2009,20,1846.76
6316,03/02/2009,15,2211.734
6317,11/26/2011,26,1580.57
6318,4/19/2011,42,115.99
6319,8/26/2009,1,255.83
6320,8/26/2009,45,947.66
6321,9/19/2011,37,1033.44
6322,10/29/2009,30,2951.7
6323,10/20/2010,35,25313.34
6324,05/11/2009,30,512.97
6325,06/04/2012,7,86.61
6326,4/24/2009,38,1396.58
6327,4/24/2009,45,6448.69
6328,04/07/2012,27,3436.771
6329,07/10/2009,38,21956.03
6330,07/10/2009,32,89.89
6331,3/26/2010,5,64.97
6332,2/26/2010,44,669.01
6333,2/26/2010,30,301.6
6334,02/08/2012,50,7703.9665
6335,11/12/2009,25,5811.72
6336,08/10/2012,2,23.54
6337,08/10/2012,10,1539.83
6338,05/12/2010,43,1677.27
6339,05/12/2010,21,1556.08
6340,9/23/2010,20,1485.06
6341,9/23/2010,34,1211.18
6342,02/08/2010,37,478.94
6343,02/08/2010,24,2429.09
6344,3/26/2009,20,4520.6
6345,3/26/2009,29,225.25
6346,08/01/2012,41,4648.64
6347,05/12/2011,15,404.54
6348,05/12/2011,16,124.89
6349,12/26/2009,48,14567.15
6350,05/02/2011,8,44.56
6351,05/02/2011,13,152.14
6352,02/10/2012,9,37.22
6353,8/31/2011,39,302.09
6354,12/07/2009,45,3286.27
6355,5/27/2010,47,136.63
6356,09/05/2010,43,927.82
6357,09/05/2010,27,123.37
6358,07/02/2012,44,3304.38
6359,07/02/2012,17,908.412
6360,6/13/2009,33,551.67
6361,03/08/2009,15,2466.02
6362,06/06/2012,20,135.02
6363,10/29/2011,23,667.998
6364,12/16/2012,6,259.52
6365,07/02/2011,24,109.23
6366,07/02/2011,39,74
6367,07/02/2011,30,288.45
6368,08/09/2009,28,112.35
6369,11/26/2012,26,78.09
6370,11/26/2012,4,42.77
6371,11/17/2010,23,279.63
6372,01/06/2009,46,298.97
6373,01/06/2009,6,159.05
6374,11/22/2010,13,142.12
6375,9/23/2010,48,8273.2795
6376,12/25/2010,4,114.57
6377,6/20/2012,18,1062.2195
6378,7/27/2012,12,1318.34
6379,11/01/2010,5,128.59
6380,11/01/2010,1,4.97
6381,1/30/2012,23,3194.05
6382,9/28/2011,46,88.1
6383,12/26/2010,25,716.99
6384,12/21/2010,1,27.44
6385,6/22/2011,16,4691.27
6386,6/22/2011,50,804.14
6387,6/22/2011,8,567.51
6388,10/03/2011,40,103.79
6389,10/03/2011,40,2108.21
6390,09/01/2009,41,277.0745
6391,7/28/2011,44,221.42
6392,12/30/2012,45,580.96
6393,03/09/2010,38,185.19
6394,03/09/2010,22,220.26
6395,03/09/2010,48,843.03
6396,2/24/2010,26,176.34
6397,2/24/2010,5,186.5
6398,10/18/2012,14,9171.71
6399,10/18/2012,6,18.05
6400,10/18/2012,50,2896.358
6401,05/04/2012,11,22145.37
6402,05/04/2009,6,1056.6435
6403,09/12/2012,24,75.73
6404,09/10/2010,34,1863.02
6405,09/10/2010,2,53.3
6406,06/07/2009,7,2161.36
6407,06/07/2009,45,2494.92
6408,09/06/2011,11,64.86
6409,09/06/2011,45,109.39
6410,10/20/2009,18,3267.41
6411,10/20/2009,42,26126.92
6412,12/18/2011,40,315.45
6413,12/18/2011,16,60.02
6414,12/18/2011,49,7413.29
6415,11/23/2010,19,2441.1405
6416,8/14/2012,28,1135.24
6417,8/14/2012,3,2136.93
6418,4/13/2012,4,30.89
6419,4/13/2012,34,170.46
6420,05/02/2010,31,1561.96
6421,05/06/2009,29,265.92
6422,9/23/2011,7,220.79
6423,9/23/2011,41,755.19
6424,10/19/2009,2,21.71
6425,10/18/2010,3,124.75
6426,12/20/2012,27,1087.58
6427,12/20/2012,42,4273.35
6428,9/15/2012,30,8684.23
6429,05/08/2009,1,291.4
6430,6/30/2009,29,324.75
6431,08/06/2009,48,2784.8295
6432,06/01/2011,50,212.12
6433,06/01/2011,25,2455.54
6434,6/17/2010,38,592.54
6435,9/15/2012,20,3050.81
6436,6/20/2010,31,244.9
6437,10/21/2009,50,876.64
6438,4/15/2009,41,998.05
6439,4/15/2009,20,4353.02
6440,09/12/2011,39,105.07
6441,4/25/2011,40,630.38
6442,4/25/2011,23,144.03
6443,6/18/2012,15,17.77
6444,1/28/2010,26,75.57
6445,3/25/2009,20,108.09
6446,3/25/2009,2,55.34
6447,8/21/2011,28,142.18
6448,7/31/2012,28,64.82
6449,7/31/2012,6,77.6
6450,7/31/2012,17,821.18
6451,8/20/2012,42,1691.51
6452,8/20/2012,12,122.93
6453,8/20/2012,4,47.86
6454,8/20/2012,39,3607.8505
6455,04/07/2009,11,68.46
6456,04/07/2009,21,885.23
6457,5/14/2009,46,229.35
6458,5/14/2009,45,294.86
6459,1/28/2009,3,190.45
6460,1/28/2009,34,179.99
6461,05/11/2010,50,3615.8405
6462,2/17/2011,12,464.57
6463,11/25/2009,24,2525.9875
6464,7/17/2009,42,4993.42
6465,7/17/2009,9,1059.3
6466,09/11/2009,1,17.59
6467,09/11/2009,48,308.81
6468,2/18/2012,38,299.01
6469,07/08/2012,39,220.09
6470,07/08/2012,49,1220.23
6471,07/08/2012,27,6152.8
6472,8/30/2012,27,1428.64
6473,04/11/2010,40,312.63
6474,04/11/2010,46,441.4
6475,1/15/2012,48,1585.6
6476,1/15/2012,30,215.85
6477,10/29/2012,42,12837.11
6478,7/17/2009,42,82.03
6479,7/17/2009,50,290.91
6480,10/27/2012,7,6362.94
6481,6/28/2009,39,739.28
6482,08/10/2010,48,5085.907
6483,3/15/2012,23,66.02
6484,3/15/2012,11,15.53
6485,5/24/2010,25,8270.57
6486,11/24/2009,16,1959.92
6487,08/12/2012,9,41.03
6488,09/02/2012,3,40.79
6489,09/02/2012,16,524.25
6490,4/15/2012,29,151.09
6491,12/06/2011,19,251.45
6492,10/09/2010,9,1609.19
6493,10/08/2009,43,3044.7
6494,9/26/2010,11,18.26
6495,10/09/2011,39,2405
6496,07/03/2010,2,3.23
6497,07/03/2010,36,2861.66
6498,07/03/2010,7,373.2775
6499,6/18/2010,30,11481.03
6500,08/08/2011,30,442.76
6501,08/08/2011,22,2684.98
6502,3/18/2009,44,10364.36
6503,6/23/2011,24,376.53
6504,8/14/2012,50,197.36
6505,08/05/2009,8,555.2
6506,5/22/2009,43,212.28
6507,09/04/2010,50,2864.1005
6508,5/26/2012,39,1516.82
6509,5/26/2012,45,2752.68
6510,07/07/2011,21,423.24
6511,06/08/2010,43,5677.87
6512,06/08/2010,9,732.72
6513,06/08/2010,32,687.47
6514,5/25/2009,34,598.19
6515,12/25/2012,46,304.26
6516,8/26/2012,9,990.67
6517,6/25/2011,13,1506.8375
6518,12/19/2010,13,185.83
6519,09/09/2011,26,4097.1445
6520,11/19/2012,42,259.43
6521,02/05/2009,15,150.24
6522,11/01/2012,37,46.37
6523,5/29/2010,36,173.08
6524,5/29/2010,49,3492.6585
6525,12/05/2009,13,453.09
6526,12/05/2009,15,2758.22
6527,12/05/2009,20,102.61
6528,11/18/2011,18,416.39
6529,1/19/2011,46,180.56
6530,12/31/2011,6,241.85
6531,7/25/2011,1,182.4
6532,7/25/2011,20,6004.35
6533,11/13/2010,6,627.453
6534,11/13/2010,50,3000.88
6535,11/13/2010,31,6118.38
6536,08/12/2012,38,456.03
6537,08/12/2012,17,2844.64
6538,06/10/2012,5,169.27
6539,02/05/2012,46,557.35
6540,02/05/2012,50,490.87
6541,3/26/2012,4,137.54
6542,2/18/2012,21,673.92
6543,2/18/2012,19,540.56
6544,11/07/2011,26,13905.88
6545,4/18/2012,48,1055.98
6546,5/25/2011,28,17599.39
6547,5/25/2011,16,115.34
6548,01/02/2012,27,279.4
6549,10/03/2010,37,395.37
6550,3/18/2010,19,337.38
6551,5/24/2010,20,116.55
6552,10/12/2009,4,487.72
6553,3/31/2012,4,816.09
6554,6/28/2011,39,3063.1
6555,6/28/2011,15,229.03
6556,06/04/2009,11,2489.85
6557,02/12/2009,37,240.52
6558,4/21/2011,49,10261.25
6559,07/04/2010,46,5699.22
6560,5/17/2012,5,22.75
6561,3/18/2009,18,433.31
6562,08/10/2012,11,73.22
6563,3/30/2012,20,22.28
6564,05/07/2011,43,525.77
6565,11/26/2010,34,15152.55
6566,11/02/2011,30,7497.08
6567,02/06/2011,25,1279.45
6568,11/29/2010,11,455.59
6569,7/23/2010,12,1171.232
6570,04/07/2010,39,723.3075
6571,11/12/2012,49,103.03
6572,5/25/2009,12,78.94
6573,5/25/2009,22,576.89
6574,5/25/2009,2,35.666
6575,5/25/2009,38,4191.5625
6576,1/27/2011,17,312.035
6577,8/19/2010,36,77.43
6578,12/27/2010,34,1315.74
6579,6/17/2009,25,184.86
6580,6/17/2009,44,267.85
6581,6/17/2009,33,528.5
6582,5/16/2009,25,136.77
6583,12/30/2010,21,46.94
6584,02/05/2009,39,15260.78
6585,02/05/2009,3,540.41
6586,8/20/2011,22,1162.4005
6587,11/14/2011,17,104.94
6588,10/01/2012,21,227.66
6589,10/01/2012,39,84.33
6590,6/20/2012,6,90.56
6591,6/20/2012,42,1634.9
6592,6/20/2012,48,11278.18
6593,12/20/2009,47,6717.9325
6594,09/12/2011,26,133.65
6595,09/12/2011,10,525.674
6596,02/07/2011,36,1225.52
6597,02/07/2011,10,1024.29
6598,02/07/2011,47,1348.57
6599,10/30/2010,38,1264.46
6600,10/30/2010,35,158.25
6601,04/12/2012,23,107.93
6602,09/03/2010,7,66.41
6603,09/03/2011,7,27.01
6604,5/29/2010,29,157.49
6605,09/10/2011,14,330.21
6606,8/14/2012,5,22.56
6607,5/24/2010,6,82.72
6608,9/22/2011,34,229.51
6609,9/22/2011,32,473
6610,5/20/2009,39,2178.431
6611,4/17/2009,25,1344.88
6612,4/17/2009,42,248.54
6613,05/04/2009,25,4253.65
6614,03/02/2010,3,62.88
6615,05/02/2011,34,6264.1855
6616,05/02/2011,36,5410.95
6617,11/07/2011,41,6831.72
6618,11/20/2009,26,103.87
6619,02/11/2010,12,33.86
6620,7/14/2009,23,3553.62
6621,7/14/2011,6,92.02
6622,11/18/2012,12,1736.41
6623,12/21/2011,38,115.43
6624,3/15/2011,20,246.06
6625,05/05/2010,14,83.87
6626,07/05/2009,8,79.42
6627,07/05/2009,26,75.6
6628,06/02/2012,41,95.73
6629,2/21/2011,43,1225.41
6630,3/16/2011,24,370.72
6631,01/11/2011,48,6403.39
6632,01/11/2011,23,757.91
6633,03/03/2012,18,409.16
6634,03/03/2012,46,2508.316
6635,7/16/2011,28,1165.33
6636,09/03/2012,25,2325.42
6637,12/28/2012,30,2116.7
6638,04/07/2012,2,10.39
6639,12/13/2012,4,135.928
6640,1/27/2012,13,463.83
6641,08/05/2009,44,17248.09
6642,11/16/2009,22,168.31
6643,11/16/2009,45,4282.725
6644,3/28/2010,2,79.58
6645,03/01/2011,24,192.8
6646,11/25/2010,12,900.06
6647,7/20/2012,20,88.82
6648,7/20/2012,11,2392.23
6649,04/10/2010,32,216.08
6650,04/10/2010,27,339.03
6651,04/10/2010,12,1098.149
6652,09/06/2010,20,2039.39
6653,9/15/2011,3,2036.97
6654,9/15/2011,21,2629.664
6655,6/17/2009,37,394.62
6656,6/17/2009,42,464.64
6657,6/17/2009,11,96.68
6658,10/14/2011,6,155.48
6659,10/14/2011,21,56.77
6660,04/07/2010,9,63.91
6661,09/08/2011,6,27.32
6662,09/08/2011,43,643.31
6663,7/17/2010,42,188.23
6664,7/17/2010,28,541.95
6665,1/21/2011,26,448.23
6666,5/21/2011,21,748.83
6667,5/24/2012,16,40.85
6668,9/26/2010,7,53.14
6669,08/04/2011,41,127.84
6670,08/04/2011,6,11.15
6671,5/25/2009,5,235.49
6672,1/19/2012,46,8177.07
6673,01/08/2012,4,1187.864
6674,1/25/2009,4,11.08
6675,03/10/2012,10,141.92
6676,04/04/2012,9,337.34
6677,4/20/2011,17,475.9
6678,4/20/2011,12,3635.63
6679,01/08/2011,34,157.56
6680,3/13/2010,16,2026.05
6681,11/19/2010,15,37.7
6682,11/19/2010,47,1059.72
6683,03/04/2010,35,3491.71
6684,03/04/2010,15,485.16
6685,06/03/2009,45,112.72
6686,9/19/2009,22,150.34
6687,1/14/2009,21,2364.29
6688,1/14/2009,27,112.57
6689,01/09/2009,43,541.45
6690,11/20/2010,15,1556.55
6691,02/02/2012,39,647.81
6692,8/20/2011,15,168.9
6693,5/19/2009,14,145.86
6694,06/12/2009,28,1676.48
6695,11/11/2010,42,605.77
6696,11/11/2010,44,1480.91
6697,7/24/2009,33,3644.24
6698,7/24/2009,8,599.2075
6699,12/09/2011,36,268.55
6700,8/29/2010,38,3632.6
6701,12/06/2011,18,1733.1
6702,12/06/2011,31,3448.6455
6703,1/22/2011,39,1939.66
6704,1/22/2011,5,21.56
6705,1/22/2011,43,115.81
6706,09/07/2009,16,95.9
6707,09/07/2009,28,517.91
6708,09/07/2009,46,162.28
6709,02/12/2010,20,637.04
6710,11/16/2010,6,64.37
6711,11/16/2010,10,4588.55
6712,05/01/2009,19,596.21
6713,2/13/2011,27,2645.88
6714,04/07/2009,36,2144.924
6715,07/07/2009,12,65.89
6716,10/11/2011,49,9752.25
6717,12/25/2012,27,114.86
6718,11/11/2009,10,994.04
6719,9/29/2010,38,10223.19
6720,9/29/2010,50,312.42
6721,8/27/2009,31,262.54
6722,8/27/2009,12,190.73
6723,8/27/2009,17,1332.97
6724,05/12/2011,45,283.13
6725,8/13/2012,50,193.11
6726,09/07/2010,13,158.79
6727,3/20/2009,30,4620.05
6728,04/09/2009,30,3197.003
6729,10/30/2010,45,298.57
6730,10/30/2010,15,44.32
6731,09/04/2009,50,7312.0315
6732,07/04/2010,5,102.18
6733,08/04/2009,1,3501.79
6734,08/04/2009,9,141.83
6735,06/03/2009,23,3503.12
6736,9/21/2010,7,54.23
6737,9/27/2009,42,152.26
6738,6/16/2010,13,2048.568
6739,02/06/2011,27,4442.049
6740,12/10/2011,45,1212.928
6741,2/20/2011,31,3081.33
6742,2/20/2011,42,1692.56
6743,1/13/2010,50,8038.08
6744,12/21/2010,29,2360.98
6745,12/21/2010,49,182.2
6746,11/20/2009,46,2494.69
6747,01/07/2010,44,159.41
6748,11/24/2011,49,1147.64
6749,6/25/2010,7,44.74
6750,6/25/2010,21,90.78
6751,7/26/2010,15,150.2
6752,02/11/2012,2,38.93
6753,5/16/2009,18,513.08
6754,5/16/2009,16,98.8
6755,5/13/2009,34,89.4
6756,8/18/2009,23,123.15
6757,04/10/2011,13,563.18
6758,04/10/2011,16,47.45
6759,12/02/2012,2,16.97
6760,12/02/2012,42,4077.756
6761,1/13/2009,3,445.34
6762,1/13/2009,13,660.99
6763,2/24/2012,42,282.61
6764,07/08/2012,28,4332.3
6765,1/23/2010,11,808.673
6766,03/06/2012,24,170.7
6767,03/06/2012,21,1839.448
6768,5/17/2010,47,1837.15
6769,5/17/2010,5,540.22
6770,5/17/2010,40,2035.393
6771,08/01/2009,30,192.41
6772,2/15/2011,39,4733.88
6773,10/16/2012,17,363.54
6774,05/11/2012,6,3378.18
6775,05/11/2012,26,1443.266
6776,9/26/2010,48,525
6777,10/26/2010,8,279.77
6778,10/26/2010,8,154.21
6779,11/03/2009,39,460.43
6780,12/17/2009,13,970.47
6781,07/09/2010,36,1340.93
6782,11/04/2010,35,5287.16
6783,3/23/2012,12,386.71
6784,3/23/2012,34,134.06
6785,10/02/2009,27,7937.59
6786,10/02/2009,4,9396.41
6787,12/13/2009,25,13255.93
6788,3/29/2009,27,1068.7
6789,08/02/2011,6,157.94
6790,2/18/2011,50,3089.06
6791,2/18/2011,47,20265.22
6792,05/10/2010,33,1209.168
6793,03/02/2011,46,7640.225
6794,10/06/2012,3,24.36
6795,12/12/2010,15,126.74
6796,12/18/2010,42,48.41
6797,02/11/2012,50,4550.06
6798,10/30/2012,28,462.12
6799,8/31/2010,37,105.99
6800,10/08/2010,31,512.87
6801,3/15/2012,32,102.59
6802,3/15/2012,50,1695.65
6803,02/04/2009,2,7.01
6804,4/29/2009,32,1116.03
6805,10/27/2012,20,2305.75
6806,5/21/2012,21,80.45
6807,9/20/2012,8,149.51
6808,01/10/2012,25,322.73
6809,4/24/2009,1,7.96
6810,8/29/2009,5,1548.45
6811,8/29/2009,3,56.07
6812,5/21/2012,25,270.16
6813,5/21/2012,24,2694.01
6814,12/31/2010,2,56.13
6815,12/31/2010,25,1491.5205
6816,02/11/2009,7,13253.93
6817,2/25/2009,22,1102.3
6818,08/05/2012,43,471.87
6819,08/05/2012,39,539.6
6820,9/15/2009,31,229.43
6821,12/19/2011,10,211.97
6822,7/26/2011,3,36.06
6823,7/26/2011,43,1849.8
6824,1/28/2009,1,67.49
6825,1/28/2009,3,6.76
6826,11/04/2012,3,2421.02
6827,9/29/2011,40,161.72
6828,9/29/2011,23,107.75
6829,04/10/2010,43,75.73
6830,3/18/2009,10,29.23
6831,8/24/2009,2,240.24
6832,11/13/2010,39,6742.49
6833,1/14/2010,9,92.02
6834,12/30/2010,45,5785.59
6835,12/30/2010,22,1131.93
6836,12/30/2010,35,3238.143
6837,3/25/2010,33,167.07
6838,8/19/2012,35,6116.11
6839,5/17/2010,30,8719.69
6840,7/26/2010,33,124.78
6841,7/26/2010,22,123.4
6842,07/03/2010,35,4043.29
6843,07/03/2010,24,870.48
6844,12/07/2012,26,6878.55
6845,04/10/2009,7,124.19
6846,8/14/2010,32,4976.6
6847,07/12/2009,41,5583.27
6848,10/30/2011,33,1756.593
6849,3/27/2012,37,5817.88
6850,06/07/2011,5,20.28
6851,11/14/2012,48,7235.83
6852,5/16/2009,17,280.39
6853,06/07/2011,46,400.49
6854,2/20/2011,39,538.14
6855,2/20/2011,15,4956.784
6856,07/09/2010,18,388.13
6857,07/09/2010,39,2339.84
6858,02/02/2011,24,145.15
6859,02/02/2011,3,131.5
6860,02/02/2011,38,7814.59
6861,02/02/2011,23,158.99
6862,1/30/2011,9,71.2
6863,11/09/2012,25,1351.78
6864,11/09/2012,21,1560.96
6865,1/24/2011,44,495.5
6866,12/10/2011,23,8225.24
6867,3/28/2010,4,1337.19
6868,2/17/2009,2,16.81
6869,5/27/2009,33,1194.34
6870,5/27/2009,1,51.833
6871,03/03/2011,44,797.98
6872,7/21/2012,4,1121.78
6873,3/28/2012,31,5404.18
6874,3/28/2012,40,430.19
6875,4/28/2012,37,3259.25
6876,04/03/2010,46,6803
6877,12/07/2012,2,238.76
6878,12/10/2011,20,140.37
6879,12/10/2011,45,5921.74
6880,12/10/2011,4,68.16
6881,4/30/2011,4,105.13
6882,10/16/2010,33,10168.23
6883,6/25/2010,32,176.77
6884,6/25/2010,24,6568.024
6885,6/25/2010,50,1579.028
6886,1/13/2012,30,336.65
6887,4/26/2009,20,8048.45
6888,9/15/2010,46,23949.51
6889,07/05/2011,6,17.43
6890,3/31/2010,25,2976.19
6891,07/02/2012,20,498.68
6892,07/02/2012,34,5208.78
6893,4/18/2011,4,28.46
6894,4/18/2011,3,23.44
6895,12/26/2010,4,31.1185
6896,12/26/2010,47,4829.4535
6897,11/19/2010,12,136.1
6898,11/19/2010,5,297.85
6899,10/27/2012,31,1296.46
6900,01/06/2009,29,101.77
6901,12/11/2012,29,104.7
6902,12/11/2012,5,284.4525
6903,05/05/2011,6,247.34
6904,8/30/2009,27,305.48
6905,11/06/2010,8,2029.496
6906,7/25/2010,17,122.74
6907,7/13/2009,13,105.94
6908,02/07/2009,30,630.14
6909,02/07/2009,28,2813.8485
6910,07/12/2009,31,1624.5965
6911,07/12/2009,35,381.36
6912,10/31/2009,9,11.89
6913,3/14/2011,32,269.3
6914,1/18/2010,4,883.31
6915,03/05/2012,44,364.4
6916,12/16/2009,25,3585.91
6917,5/25/2010,24,545.38
6918,12/18/2011,48,3713.0125
6919,5/25/2009,48,1444
6920,10/02/2012,21,676.69
6921,10/02/2012,4,13698.96
6922,09/01/2012,28,925.43
6923,06/08/2010,23,321.63
6924,6/22/2012,48,278.07
6925,9/14/2012,17,328.627
6926,11/25/2012,46,6733.52
6927,06/12/2012,41,377.83
6928,10/30/2012,39,7725.66
6929,11/28/2011,4,52.43
6930,11/28/2011,48,254.51
6931,12/11/2011,25,268.58
6932,12/11/2011,26,1280.65
6933,11/01/2010,37,231.65
6934,9/29/2009,2,198.44
6935,04/07/2010,29,296.94
6936,5/20/2011,44,729.75
6937,5/20/2011,28,1417.21
6938,5/20/2011,11,1154.9375
6939,09/11/2011,16,109.9
6940,10/18/2011,6,646.14
6941,02/01/2010,50,343.94
6942,03/10/2011,45,12685.544
6943,03/04/2010,20,246.63
6944,9/19/2011,12,94.52
6945,08/03/2010,22,106.69
6946,9/20/2010,41,6126.93
6947,07/07/2011,3,9172.32
6948,04/08/2010,23,128.97
6949,04/08/2010,20,238.77
6950,04/08/2010,20,257.34
6951,1/26/2012,5,107.41
6952,12/19/2012,25,163.41
6953,3/27/2009,34,507.66
6954,6/29/2012,37,3212.97
6955,6/29/2012,13,292.95
6956,01/12/2012,12,49.18
6957,4/27/2010,16,659.5
6958,10/03/2011,50,413.37
6959,10/03/2011,17,1721.641
6960,3/31/2011,9,59.35
6961,9/24/2010,46,1500.84
6962,9/24/2010,45,98.64
6963,07/09/2009,1,11.16
6964,07/09/2009,38,156.2
6965,1/16/2012,24,99.1
6966,1/16/2012,36,380.34
6967,5/29/2012,41,325.33
6968,04/10/2009,20,6449.056
6969,12/27/2012,22,45.21
6970,3/29/2012,29,2175.22
6971,9/27/2012,5,32.77
6972,9/27/2012,37,1701.53
6973,05/08/2009,2,64.79
6974,05/01/2011,13,4324.29
6975,6/21/2010,24,234.24
6976,07/07/2010,44,4357.117
6977,9/24/2011,41,1298.29
6978,9/24/2011,3,19.34
6979,9/24/2011,35,590.32
6980,9/24/2011,19,4245.93
6981,6/27/2011,26,1463.42
6982,6/26/2011,10,1025.88
6983,06/05/2010,5,43.49
6984,06/05/2010,27,2854.76
6985,9/17/2009,11,114.87
6986,9/17/2009,9,383.23
6987,01/09/2009,11,68.5
6988,01/09/2009,44,145.19
6989,05/05/2010,41,506.73
6990,07/02/2011,20,129.27
6991,07/02/2011,4,8467.68
6992,11/05/2009,13,183.22
6993,11/05/2009,4,68.03
6994,03/03/2012,23,1638.67
6995,03/03/2012,8,64.1
6996,01/09/2010,49,29884.6
6997,2/15/2009,30,4846.74
6998,2/15/2009,34,2548.3
6999,11/12/2011,46,5979.84
7000,11/12/2011,28,175.76
7001,6/19/2012,18,420.76
7002,6/19/2012,30,1676.46
7003,6/19/2012,48,145.66
7004,05/11/2009,35,203.35
7005,05/11/2009,18,44.52
7006,05/11/2009,5,58.9
7007,05/11/2009,13,602.4205
7008,08/02/2012,18,1776.96
7009,08/02/2012,49,3642.14
7010,08/02/2012,16,2982.5
7011,8/18/2011,10,59.62
7012,05/07/2009,2,57.73
7013,09/02/2012,14,56.26
7014,01/07/2009,34,1961.7915
7015,10/18/2012,12,6168.07
7016,10/25/2011,27,1521.1345
7017,02/11/2011,10,89.04
7018,02/11/2011,40,297.34
7019,02/11/2011,35,1264.13
7020,3/28/2012,3,840.552
7021,9/28/2012,29,142.59
7022,12/16/2010,8,849.337
7023,08/02/2010,7,140.77
7024,08/02/2010,25,848.19
7025,08/02/2010,12,562.15
7026,04/06/2009,40,746.93
7027,04/06/2009,37,313.4
7028,11/10/2011,43,208.77
7029,1/17/2011,6,28.55
7030,3/27/2012,11,324.52
7031,11/17/2012,6,1770.7
7032,11/17/2012,48,628.33
7033,03/03/2012,21,141.2
7034,12/19/2009,15,83.02
7035,07/04/2009,37,6176.29
7036,5/17/2009,26,493.43
7037,11/22/2012,12,2218.891
7038,08/06/2011,7,39.01
7039,12/25/2011,45,4768.59
7040,12/25/2011,33,117.77
7041,6/30/2009,21,179.98
7042,6/30/2009,16,55.44
7043,6/30/2009,18,174.62
7044,3/15/2010,10,999.89
7045,3/15/2010,10,35.69
7046,06/01/2012,43,532.89
7047,06/01/2012,24,60.69
7048,2/26/2010,43,16116.33
7049,09/05/2009,21,5482.18
7050,09/05/2009,16,45.57
7051,1/14/2010,13,473.46
7052,10/01/2009,42,88.23
7053,06/03/2011,1,29.19
7054,06/03/2011,9,2007.24
7055,06/03/2011,42,384.41
7056,01/02/2009,4,1239.06
7057,01/02/2009,43,4083.19
7058,01/02/2009,32,4902.38
7059,2/22/2010,1,19.96
7060,2/22/2010,41,148.99
7061,2/22/2010,21,70.66
7062,01/08/2010,33,478.27
7063,8/16/2009,39,977.92
7064,11/05/2010,31,229.26
7065,12/02/2010,12,754.94
7066,12/01/2009,26,1011.9
7067,5/28/2010,38,1279.25
7068,4/29/2010,34,12570.74
7069,09/06/2009,7,230.29
7070,06/05/2011,9,1394.28
7071,06/05/2011,44,6862.237
7072,10/26/2011,47,418.03
7073,10/26/2011,23,336.86
7074,6/24/2009,49,2693.514
7075,07/12/2011,11,391.9
7076,07/12/2011,26,1451.59
7077,12/17/2011,33,1283.68
7078,12/17/2011,28,169.46
7079,10/19/2009,10,1351.653
7080,10/19/2009,9,63
7081,9/30/2012,39,856.15
7082,09/02/2012,50,2026.42
7083,09/02/2012,31,3413.4555
7084,01/01/2010,43,294.13
7085,04/04/2010,29,125.41
7086,04/04/2010,49,3170.52
7087,04/04/2010,20,2488.477
7088,8/29/2010,12,378.84
7089,4/20/2010,1,200.38
7090,4/20/2010,2,128.52
7091,4/20/2010,24,6717.784
7092,01/10/2011,22,59.08
7093,01/10/2011,50,886.363
7094,12/27/2009,36,222.25
7095,12/27/2009,7,388.7135
7096,05/02/2009,43,1233.22
7097,05/02/2009,39,144.82
7098,5/24/2009,32,6310.69
7099,09/03/2011,49,3702.92
7100,09/03/2011,29,53.99
7101,4/16/2011,39,3854.4
7102,12/17/2011,44,346.2
7103,12/17/2011,4,85.96
7104,12/17/2011,39,475.52
7105,9/22/2009,20,92.94
7106,9/22/2009,19,6070.96
7107,05/03/2011,24,41.85
7108,05/03/2011,41,2303.7125
7109,9/20/2010,23,283.82
7110,7/21/2012,43,3441.09
7111,7/21/2012,38,209.61
7112,2/28/2009,18,1979.47
7113,2/28/2009,23,187.8
7114,2/28/2009,29,2823.037
7115,9/14/2012,32,94.55
7116,10/20/2011,11,45.31
7117,9/14/2012,4,36.46
7118,11/02/2009,14,63.91
7119,11/02/2009,32,1909.0065
7120,8/14/2009,46,3412.08
7121,8/14/2009,31,1311.68
7122,10/14/2010,10,238.88
7123,10/14/2010,39,1235.29
7124,10/14/2010,12,1928.327
7125,10/10/2010,8,57.15
7126,08/12/2010,7,44.25
7127,01/11/2010,12,1940.32
7128,5/24/2010,50,2447.65
7129,5/24/2010,7,1069.64
7130,10/06/2011,7,1143.4285
7131,10/09/2012,40,233.2
7132,10/09/2012,24,245.53
7133,4/14/2012,4,904.12
7134,5/13/2010,25,7667.78
7135,5/13/2010,40,1305.85
7136,05/12/2011,35,2130.31
7137,01/03/2012,2,3668.28
7138,8/27/2012,14,1849.6
7139,01/09/2011,40,197.1
7140,01/09/2011,47,199.48
7141,6/13/2012,40,635.59
7142,6/13/2012,22,1251.4
7143,6/13/2012,45,3577.81
7144,10/31/2010,25,1009.868
7145,2/26/2009,9,31.36
7146,9/16/2009,8,64.23
7147,10/04/2012,17,119.51
7148,10/04/2012,19,332.38
7149,11/17/2011,38,202.42
7150,01/02/2009,16,137.63
7151,01/02/2009,43,614.8
7152,03/12/2012,34,11823.52
7153,03/12/2012,19,80.81
7154,01/06/2010,35,181.15
7155,3/23/2012,31,13064.06
7156,3/23/2012,34,4771.89
7157,3/23/2012,1,3360.3
7158,3/23/2012,10,306.663
7159,08/07/2012,27,21320.58
7160,4/23/2009,5,32.5
7161,1/22/2012,5,11.25
7162,06/03/2012,22,127.51
7163,06/03/2012,35,2004.22
7164,09/11/2009,21,125.79
7165,04/09/2009,39,14591.44
7166,04/10/2010,40,375.52
7167,04/10/2010,15,63.84
7168,7/26/2010,45,3327.84
7169,4/20/2012,32,1141.9
7170,4/30/2009,34,1912.9845
7171,4/30/2009,24,4170.865
7172,04/12/2010,11,3427.31
7173,04/12/2010,10,36.26
7174,04/12/2010,50,893.1375
7175,08/02/2009,15,269.2
7176,08/02/2009,27,87.33
7177,04/10/2010,7,1494.27
7178,06/09/2012,24,473.03
7179,06/12/2011,13,126.68
7180,6/21/2010,49,1711.79
7181,7/21/2010,21,793.85
7182,11/08/2009,23,203.91
7183,3/26/2009,7,38.37
7184,06/07/2009,1,46.94
7185,06/07/2009,22,89.96
7186,06/07/2009,10,12.95
7187,03/11/2012,39,930.84
7188,12/29/2011,8,57.22
7189,12/29/2011,33,162
7190,12/29/2011,48,3410.1575
7191,6/24/2012,47,1676.25
7192,07/03/2010,1,29.99
7193,2/19/2009,33,373.13
7194,12/28/2009,18,99.55
7195,06/03/2009,50,8230.77
7196,10/23/2012,5,80.56
7197,5/22/2011,49,20701.928
7198,7/27/2010,4,20.19
7199,7/27/2010,43,74.99
7200,09/01/2010,38,81.97
7201,06/12/2009,38,1756.27
7202,06/12/2009,50,345.58
7203,8/28/2009,16,273.36
7204,8/28/2009,19,3240.728
7205,8/28/2009,49,8058.96
7206,01/11/2012,19,172.54
7207,8/15/2009,30,5290.57
7208,10/11/2010,46,7685.62
7209,12/16/2009,15,2277.67
7210,7/22/2011,25,3308.28
7211,04/09/2012,47,370.6
7212,5/26/2010,43,4072.01
7213,03/04/2012,14,41.37
7214,12/15/2012,18,71.22
7215,10/11/2009,46,863.26
7216,08/03/2011,48,238.79
7217,08/03/2011,47,148.26
7218,12/05/2011,13,66.83
7219,12/26/2012,43,255.7
7220,8/28/2011,17,47.12
7221,05/05/2010,48,4480.89
7222,2/14/2009,8,2651.21
7223,01/07/2010,21,106.2
7224,03/07/2011,36,411.75
7225,1/22/2010,1,3.41
7226,4/16/2009,37,122.99
7227,4/16/2009,6,14734.71
7228,05/12/2012,38,264.92
7229,10/25/2009,42,194.2
7230,10/25/2009,31,16451.33
7231,10/25/2009,39,485.97
7232,10/25/2009,15,109.71
7233,12/30/2012,6,391.12
7234,12/30/2012,35,448.1
7235,06/11/2012,1,34.09
7236,06/06/2010,41,5144.8715
7237,6/21/2010,34,783.48
7238,05/03/2012,46,4394.78
7239,2/22/2010,47,1501.8
7240,03/03/2012,42,4846.68
7241,03/03/2012,5,32.69
7242,03/03/2012,22,38.88
7243,07/06/2011,31,286.26
7244,09/04/2011,16,196.98
7245,09/04/2011,33,1756.695
7246,2/18/2012,11,1884.208
7247,2/18/2012,2,93.3385
7248,1/30/2010,1,3.85
7249,1/30/2010,10,547.0005
7250,10/03/2010,18,2379.15
7251,04/11/2011,49,1734.4
7252,04/11/2011,25,1128.03
7253,09/10/2010,22,6767.43
7254,8/28/2012,16,367.09
7255,8/28/2012,23,139.66
7256,11/03/2011,13,509.49
7257,3/22/2010,36,739.07
7258,3/22/2010,4,38.58
7259,10/28/2011,2,25.07
7260,2/24/2010,36,181.95
7261,9/26/2010,26,287.43
7262,3/15/2012,21,238.06
7263,7/18/2012,33,103.92
7264,06/01/2012,28,136.16
7265,09/06/2012,23,5062.18
7266,10/22/2012,43,913.99
7267,10/21/2011,14,321.21
7268,4/15/2010,50,952.21
7269,10/18/2010,37,436.67
7270,10/18/2010,30,146.72
7271,10/18/2010,17,74.83
7272,3/19/2012,16,124.71
7273,12/06/2010,27,1553.868
7274,03/05/2010,16,43.65
7275,03/05/2010,27,2478.481
7276,12/13/2010,29,1427.14
7277,08/04/2012,39,419.95
7278,07/10/2011,24,344.25
7279,07/10/2011,12,64.77
7280,04/12/2009,8,292.38
7281,04/12/2009,24,191.79
7282,04/12/2009,34,290.01
7283,04/12/2009,2,4692.26
7284,1/17/2010,41,576.58
7285,04/11/2010,18,994.4745
7286,08/12/2009,49,633.91
7287,06/08/2012,39,61.94
7288,6/25/2012,4,57.82
7289,6/25/2012,49,544.89
7290,11/16/2009,6,122.09
7291,11/16/2009,49,150.06
7292,11/16/2009,9,95.09
7293,03/07/2012,11,995.724
7294,10/01/2011,16,102.99
7295,10/01/2011,20,1429.088
7296,11/29/2011,13,246.06
7297,11/29/2011,25,41.87
7298,4/25/2011,30,5217.79
7299,2/27/2012,43,16886.76
7300,03/01/2012,1,11.7
7301,2/14/2009,34,6686.344
7302,2/19/2009,37,158.62
7303,11/21/2011,6,176.58
7304,11/21/2011,15,1121.84
7305,10/25/2012,39,206.47
7306,10/16/2012,6,34.29
7307,10/16/2012,29,23516.31
7308,5/29/2012,50,78.2
7309,12/03/2011,34,1947.4265
7310,7/23/2010,10,842.19
7311,5/28/2010,48,2052.83
7312,5/28/2010,36,620.45
7313,10/15/2009,34,167.5
7314,01/10/2010,33,158.79
7315,01/10/2010,12,79.06
7316,5/25/2011,33,140.63
7317,5/25/2011,50,4872.6675
7318,08/07/2009,13,515.23
7319,08/07/2009,22,41.65
7320,5/14/2011,24,178.92
7321,3/16/2009,20,1351.43
7322,3/16/2009,17,357.91
7323,02/06/2011,12,351.12
7324,08/08/2010,41,1803.12
7325,9/16/2009,26,110.14
7326,9/16/2009,27,453.89
7327,07/12/2011,38,275.11
7328,07/12/2011,34,102.34
7329,12/17/2010,17,934.9405
7330,8/19/2012,3,21.55
7331,8/19/2012,36,266.16
7332,09/05/2011,3,39.49
7333,04/11/2009,44,1317.34
7334,8/30/2012,46,320.57
7335,8/30/2012,16,2013.8
7336,05/11/2010,5,2168.05
7337,05/11/2010,44,303.07
7338,05/11/2010,48,1661.8
7339,07/01/2011,11,2020.58
7340,07/01/2011,30,1533.46
7341,07/01/2011,20,5989.048
7342,10/31/2010,38,69.26
7343,12/20/2010,27,2896.99
7344,2/29/2012,8,250.29
7345,2/29/2012,7,251.59
7346,05/02/2009,24,158.91
7347,11/12/2010,15,171.57
7348,11/12/2010,42,2170.305
7349,06/11/2009,23,224.34
7350,12/12/2012,43,262.13
7351,12/12/2012,24,173.12
7352,6/22/2011,46,9261.24
7353,6/22/2011,2,28.98
7354,12/15/2010,14,51.56
7355,5/31/2011,26,437.77
7356,5/31/2011,45,514.86
7357,5/31/2011,12,356.27
7358,10/07/2012,44,4509.3775
7359,5/22/2009,15,1813.04
7360,8/15/2011,44,4530.96
7361,1/25/2010,33,3116.47
7362,1/25/2010,1,12.41
7363,05/01/2011,31,1324.09
7364,7/14/2010,20,278.68
7365,7/14/2010,23,717.468
7366,12/13/2011,13,11764.25
7367,12/13/2011,4,25.17
7368,12/13/2011,29,208.47
7369,8/18/2009,7,45.91
7370,8/18/2009,41,22319.58
7371,8/18/2009,15,330.24
7372,8/18/2009,15,520.65
7373,10/29/2009,31,181.17
7374,10/29/2009,1,13.16
7375,10/29/2009,7,107.88
7376,10/29/2009,29,623.02
7377,8/18/2012,34,729.83
7378,8/18/2012,36,1083.19
7379,5/28/2010,30,255.74
7380,2/17/2012,20,2592.432
7381,5/21/2011,12,313.43
7382,5/21/2011,17,390.11
7383,07/06/2012,40,342.97
7384,10/24/2009,3,9.4
7385,4/16/2012,10,79.68
7386,4/21/2012,7,786.675
7387,09/08/2009,38,212.57
7388,09/08/2009,10,1469.48
7389,09/08/2009,25,4279.24
7390,12/10/2009,10,2665.64
7391,11/05/2009,42,10307.01
7392,12/28/2012,2,44.45
7393,7/14/2011,22,46.36
7394,06/09/2010,10,29.79
7395,2/22/2009,40,19100.45
7396,12/09/2010,47,371.95
7397,01/12/2009,12,4080.3
7398,01/12/2009,28,260.79
7399,01/12/2009,44,90.35
7400,06/07/2012,2,316.52
7401,06/07/2012,5,155.39
7402,3/24/2012,25,135.23
7403,3/25/2009,27,14357.85
7404,3/25/2012,35,710.86
7405,06/09/2011,21,114.53
7406,06/09/2011,44,7164.7435
7407,1/31/2010,36,1400.1
7408,1/24/2010,38,1325.06
7409,9/13/2010,21,101.13
7410,9/13/2010,18,526.45
7411,8/25/2011,34,8581.25
7412,8/25/2011,21,135.99
7413,05/06/2010,9,43.23
7414,01/03/2012,22,3353.54
7415,01/03/2012,26,69.38
7416,1/31/2010,36,78.51
7417,7/25/2009,9,101.47
7418,05/07/2009,27,130.49
7419,5/18/2012,42,861.41
7420,09/04/2010,21,361.98
7421,9/19/2010,29,965.82
7422,08/06/2010,24,349.65
7423,08/06/2010,46,4814.12
7424,1/24/2009,24,359.65
7425,02/11/2010,36,246.24
7426,02/11/2010,8,78.67
7427,7/29/2010,33,4416.651
7428,3/30/2011,41,1204.0845
7429,02/03/2009,36,181.39
7430,02/03/2009,26,846.0815
7431,3/30/2009,35,187.84
7432,3/30/2009,45,240.6
7433,3/30/2009,5,236.878
7434,9/25/2009,41,9312.52
7435,9/25/2009,43,220.47
7436,6/29/2012,46,7928.562
7437,12/05/2012,12,715.8
7438,12/05/2012,47,10941.23
7439,8/18/2012,42,3749
7440,1/24/2012,48,878.75
7441,6/27/2011,17,877.81
7442,11/05/2009,5,90.9415
7443,11/07/2009,6,453.87
7444,07/05/2009,28,2232.15
7445,07/05/2009,26,7007.19
7446,09/03/2011,8,460.5895
7447,10/07/2010,31,813.41
7448,02/05/2011,48,4153.06
7449,9/24/2009,9,157.63
7450,07/01/2011,34,225.45
7451,5/14/2009,35,2827.1425
7452,8/21/2010,14,215.52
7453,8/21/2010,8,10.46
7454,02/02/2012,23,3982.21
7455,02/02/2012,40,66.55
7456,3/21/2010,18,167.53
7457,9/19/2012,26,6995.56
7458,02/05/2012,29,1415.148
7459,07/01/2009,3,6041.01
7460,12/11/2012,41,1234.36
7461,1/18/2010,3,10380.34
7462,1/18/2010,25,854.9
7463,1/18/2010,32,389.98
7464,11/12/2011,21,109.29
7465,11/12/2011,38,2257.88
7466,6/14/2011,31,348.92
7467,1/14/2010,46,72.18
7468,9/22/2012,25,172.04
7469,04/01/2011,29,737.38
7470,04/01/2011,47,507.18
7471,04/01/2011,42,151.19
7472,2/18/2012,37,2180.23
7473,04/04/2011,24,123.75
7474,04/04/2011,46,3533.97
7475,04/04/2011,38,3821.4045
7476,12/19/2009,42,1651.07
7477,02/12/2012,48,326.1
7478,02/12/2012,6,170.374
7479,02/05/2010,14,2595.07
7480,7/14/2010,34,801.98
7481,02/06/2011,11,65.78
7482,5/19/2011,1,10.48
7483,6/20/2009,40,323.63
7484,2/17/2012,14,157.49
7485,11/16/2011,17,10134.55
7486,11/16/2011,46,1765.64
7487,11/16/2011,23,156.5
7488,07/04/2010,8,157.51
7489,07/04/2010,33,97.78
7490,05/05/2011,4,1199.336
7491,10/07/2012,23,1152.16
7492,10/07/2012,2,19.9
7493,1/18/2012,45,4072.8175
7494,4/22/2011,43,1438.33
7495,01/04/2011,35,625.9485
7496,09/11/2011,4,12.49
7497,12/25/2009,30,1653.607
7498,4/20/2009,13,248.76
7499,4/20/2009,43,10984.05
7500,9/13/2012,31,2447.1075
7501,02/10/2010,2,26.64
7502,02/10/2010,16,88.19
7503,4/25/2010,39,318.28
7504,4/25/2010,34,289.53
7505,4/25/2010,45,322.8
7506,03/03/2011,40,649.46
7507,11/09/2012,19,200.41
7508,04/11/2011,41,708.83
7509,02/07/2012,6,1635.29
7510,02/07/2012,37,316.35
7511,09/05/2009,33,194.09
7512,5/26/2009,37,227.5
7513,5/26/2009,21,2292.1015
7514,09/01/2011,24,206.34
7515,11/22/2010,11,13.52
7516,10/10/2011,4,20.25
7517,10/10/2011,22,52.62
7518,8/23/2011,29,214.19
7519,01/08/2012,41,198.29
7520,04/09/2010,12,6034.68
7521,8/17/2012,47,228.31
7522,10/06/2009,32,98.46
7523,10/06/2009,11,569.636
7524,05/01/2010,18,314.96
7525,10/25/2012,40,120.15
7526,9/23/2011,8,1058.82
7527,9/23/2011,14,92.07
7528,06/08/2011,24,1811.55
7529,06/08/2011,13,49.08
7530,06/08/2011,36,236.19
7531,06/08/2011,45,854.14
7532,06/08/2011,5,159.5
7533,1/21/2009,4,33.44
7534,2/20/2010,21,6776.92
7535,9/19/2010,33,1640.9
7536,9/19/2010,33,1235.87
7537,3/13/2011,10,46.34
7538,9/22/2010,26,2415.38
7539,3/30/2009,41,231.26
7540,3/30/2009,23,987.17
7541,11/29/2011,24,10094.43
7542,05/04/2009,35,179.45
7543,05/04/2009,49,7987.43
7544,05/04/2009,42,2455.276
7545,04/11/2011,44,2443.342
7546,04/11/2010,9,112.12
7547,04/11/2010,11,49.58
7548,04/11/2010,16,1939.65
7549,04/11/2010,29,465.52
7550,02/10/2010,3,19.47
7551,12/05/2010,1,28.96
7552,3/20/2010,35,1133.96
7553,8/18/2011,44,2422.4405
7554,11/25/2012,17,1954.796
7555,12/21/2012,17,2312.96
7556,12/10/2012,29,538.27
7557,12/10/2012,30,3665.41
7558,12/10/2012,14,20.95
7559,09/07/2010,39,286.81
7560,03/12/2009,39,1233.4775
7561,5/20/2012,34,214.03
7562,11/28/2009,27,941.4
7563,3/29/2012,23,109.43
7564,10/23/2010,23,158.78
7565,8/21/2011,33,249.48
7566,9/22/2011,23,6572.04
7567,9/22/2011,19,1051.992
7568,06/02/2012,28,2711.14
7569,06/02/2012,34,1829.8715
7570,12/15/2011,39,231.21
7571,09/12/2010,1,28.75
7572,09/12/2010,4,19014.24
7573,09/12/2010,46,385.05
7574,04/05/2011,35,46.44
7575,5/21/2009,20,4252.89
7576,9/15/2010,39,5740.32
7577,10/03/2010,48,548.3
7578,9/17/2012,28,946.27
7579,02/12/2010,47,396.78
7580,10/19/2012,12,769.17
7581,10/19/2012,18,7370.84
7582,10/13/2011,25,388.71
7583,10/28/2011,49,1515
7584,10/14/2012,47,3413.69
7585,10/14/2012,38,2939.6825
7586,11/01/2012,45,1103.73
7587,2/15/2010,31,86.1
7588,2/15/2010,25,298.11
7589,11/20/2009,3,87.21
7590,11/20/2009,5,50.19
7591,9/18/2012,50,762.2
7592,9/18/2012,27,235.45
7593,09/05/2009,39,132.79
7594,09/05/2009,32,232.85
7595,06/05/2010,39,893.29
7596,3/13/2012,29,6483.26
7597,3/13/2012,13,1446.207
7598,9/23/2010,24,2048.78
7599,12/05/2010,39,104.33
7600,12/08/2009,27,3390.51
7601,02/02/2009,38,44.85
7602,1/24/2010,28,1581.23
7603,2/28/2011,9,19.2
7604,10/21/2011,25,6481.048
7605,12/11/2011,38,5526.16
7606,12/11/2011,36,236.89
7607,12/11/2011,33,68.42
7608,12/15/2010,35,4408.6695
7609,6/15/2010,29,146.68
7610,1/14/2009,29,577.89
7611,1/14/2009,36,9920.85
7612,1/14/2009,23,7484.31
7613,09/03/2010,7,733.36
7614,07/09/2012,36,198.1
7615,01/07/2012,7,91.43
7616,12/12/2010,8,704.77
7617,3/24/2012,50,1101.76
7618,10/07/2009,3,215.24
7619,10/07/2009,12,654.874
7620,7/29/2010,31,5875.66
7621,4/26/2012,36,570.14
7622,4/17/2012,42,825.63
7623,2/16/2009,15,180.39
7624,8/18/2010,14,102.04
7625,11/18/2011,29,1617.88
7626,10/25/2010,31,3969.43
7627,10/25/2010,16,2882.707
7628,11/11/2012,41,356.28
7629,11/28/2011,1,54.22
7630,11/28/2011,4,431.11
7631,09/05/2009,43,3231.564
7632,03/07/2011,38,6230.68
7633,03/07/2011,8,1391.816
7634,10/26/2010,38,1323.31
7635,01/02/2012,38,7325.63
7636,06/08/2009,35,3439.39
7637,06/08/2009,2,10.48
7638,11/19/2012,22,109.52
7639,08/10/2009,32,210.94
7640,08/10/2009,7,192.02
7641,7/28/2012,39,2650.77
7642,11/02/2011,19,1134.2
7643,05/01/2011,22,1900.47
7644,05/01/2011,33,205.52
7645,10/20/2011,3,545.88
7646,10/11/2012,45,4042.96
7647,1/31/2011,28,1262.75
7648,03/08/2011,41,243.37
7649,02/01/2011,14,730.33
7650,4/20/2010,9,54.79
7651,4/20/2010,49,7319.85
7652,4/20/2010,28,707.44
7653,03/12/2009,15,1146.41
7654,9/29/2012,4,80.29
7655,9/29/2012,36,2628.9225
7656,04/06/2011,16,139
7657,10/11/2010,28,430.13
7658,10/02/2012,42,4917.69
7659,10/02/2012,32,416.8
7660,05/01/2012,16,2101.59
7661,5/20/2012,32,251.51
7662,11/19/2011,1,3.2
7663,8/18/2010,21,424.13
7664,8/18/2010,7,69.4
7665,08/01/2009,26,10692.97
7666,5/15/2011,38,1637.78
7667,5/15/2011,23,193.84
7668,07/03/2012,48,1463.105
7669,07/03/2012,42,1085.4
7670,07/03/2012,19,123.67
7671,5/21/2009,46,355.55
7672,10/30/2010,8,44.99
7673,12/29/2011,32,166.17
7674,5/15/2009,48,1286.87
7675,5/21/2009,40,202.11
7676,5/21/2009,49,630.99
7677,10/17/2009,23,103.5
7678,10/17/2009,3,19707.2
7679,12/11/2012,10,135.77
7680,12/11/2012,35,447.25
7681,4/20/2011,25,1387.29
7682,07/06/2009,23,167.66
7683,12/08/2012,5,1424.95
7684,12/08/2012,29,321.5
7685,8/23/2010,38,827.83
7686,5/20/2011,16,101.14
7687,07/12/2011,30,139.08
7688,07/12/2011,9,75.28
7689,4/30/2010,17,517.98
7690,8/23/2011,45,4680.89
7691,8/23/2011,42,2414.9945
7692,06/11/2012,7,883.23
7693,06/11/2012,41,917.25
7694,06/11/2012,46,760.801
7695,1/29/2011,12,849.51
7696,1/29/2011,38,189.49
7697,02/08/2009,47,714.46
7698,10/09/2010,39,434.73
7699,02/11/2010,8,81.56
7700,02/11/2010,41,2088.5
7701,02/11/2010,34,2126.72
7702,02/11/2010,26,3753.72
7703,05/03/2012,9,26.09
7704,09/10/2012,47,1406.49
7705,09/10/2012,49,587.71
7706,5/19/2011,34,650.1395
7707,10/28/2012,38,572.74
7708,05/06/2012,46,446.06
7709,07/10/2011,37,744
7710,07/10/2011,12,388.8665
7711,10/29/2010,30,3645.45
7712,8/31/2009,32,279.43
7713,8/31/2009,5,515.22
7714,5/19/2012,47,1078.98
7715,5/27/2011,20,211.42
7716,5/21/2010,50,390.46
7717,5/21/2010,43,113.43
7718,7/15/2009,49,772.42
7719,7/15/2009,3,221.4675
7720,5/20/2009,34,211.86
7721,5/20/2009,50,355.03
7722,04/07/2011,36,260.13
7723,01/03/2012,49,741.57
7724,01/03/2012,6,10.39
7725,8/15/2009,17,14665.15
7726,8/15/2009,24,324.97
7727,8/15/2009,27,451.52
7728,4/28/2010,42,2753.07
7729,4/30/2009,43,938.37
7730,01/07/2009,46,737.25
7731,11/15/2012,37,692.15
7732,7/29/2011,31,143.85
7733,9/24/2012,41,112.6
7734,09/03/2009,49,541.47
7735,3/15/2009,6,93.73
7736,7/24/2011,16,597.44
7737,7/24/2011,26,132.23
7738,7/24/2011,22,2403.137
7739,7/24/2011,48,5138.335
7740,7/13/2009,34,223.499
7741,1/19/2009,41,108.15
7742,8/19/2009,29,857.11
7743,8/19/2009,11,69.6
7744,8/19/2009,43,1279.505
7745,10/01/2012,38,191.14
7746,05/03/2009,27,216.95
7747,04/07/2010,13,88.38
7748,10/21/2012,35,182.86
7749,10/24/2010,19,137.84
7750,11/18/2010,12,440.6
7751,11/18/2010,37,109.9
7752,11/18/2010,13,315.29
7753,8/30/2010,41,320.42
7754,8/30/2010,35,266.64
7755,11/25/2010,47,306.77
7756,9/15/2011,28,381.79
7757,9/15/2011,10,1529.3115
7758,09/04/2010,47,270.32
7759,4/15/2010,31,260.77
7760,4/15/2010,18,2445.212
7761,4/15/2010,14,1032.0275
7762,9/21/2011,29,21046.74
7763,07/04/2010,40,1384.34
7764,9/25/2012,26,362.76
7765,9/19/2009,6,28.39
7766,5/22/2009,50,6277.75
7767,5/22/2009,19,360.24
7768,11/15/2012,3,18.91
7769,11/15/2012,7,685.7
7770,11/15/2012,10,1024.165
7771,1/28/2011,17,201.72
7772,10/20/2012,18,56.41
7773,10/20/2012,39,147.71
7774,10/20/2012,39,1678.34
7775,09/05/2010,26,139.61
7776,02/10/2011,48,2174.419
7777,7/16/2012,23,65.91
7778,7/16/2012,4,72.72
7779,7/28/2010,1,15
7780,12/18/2011,14,138.95
7781,12/18/2011,42,5678.5525
7782,11/24/2012,45,4475
7783,11/24/2012,29,168.2
7784,9/28/2010,15,609.97
7785,1/18/2010,29,264.78
7786,9/28/2011,40,825.8
7787,9/28/2011,49,4273.95
7788,6/17/2011,40,5264.48
7789,4/20/2010,17,1873.349
7790,4/20/2010,46,24639.8
7791,4/20/2010,32,921.3
7792,2/19/2012,50,512.33
7793,8/16/2012,23,1267.4605
7794,2/23/2012,32,16313.51
7795,2/23/2012,29,337.38
7796,12/29/2012,45,178.7
7797,4/22/2011,50,2437.67
7798,10/28/2012,50,4648.52
7799,8/21/2009,33,3537.84
7800,8/21/2009,43,2221.2
7801,11/17/2010,39,9362.73
7802,11/17/2010,37,125.33
7803,08/06/2009,46,1219.2485
7804,8/23/2010,26,148.12
7805,11/08/2010,43,634.38
7806,11/08/2010,39,5196.19
7807,11/08/2010,7,50.47
7808,2/23/2012,48,4046.25
7809,01/12/2012,2,21.07
7810,01/12/2012,20,430.41
7811,09/10/2011,3,160.52
7812,01/08/2012,15,243.52
7813,01/08/2012,14,3849.8
7814,11/01/2010,38,235.15
7815,7/21/2011,29,4203.88
7816,7/20/2009,30,221.05
7817,06/02/2011,26,173.78
7818,06/02/2011,22,41.18
7819,05/02/2012,3,18.97
7820,05/02/2012,47,744.64
7821,12/04/2012,35,128.12
7822,12/04/2012,25,165.62
7823,12/04/2012,41,214.23
7824,12/04/2012,41,214.19
7825,11/02/2011,46,2484.7455
7826,04/04/2012,49,329.03
7827,04/04/2012,6,20.19
7828,03/02/2012,50,7666.04
7829,12/03/2011,17,126.57
7830,06/02/2012,19,1406.15
7831,2/20/2010,30,1187.55
7832,01/10/2010,40,827.27
7833,3/24/2012,7,59.99
7834,05/04/2009,39,10656.26
7835,05/04/2009,2,17.06
7836,6/19/2010,21,91.15
7837,6/19/2010,46,171.48
7838,6/19/2010,9,162.1545
7839,05/12/2012,8,54.43
7840,05/12/2012,47,124.94
7841,05/12/2012,30,78.46
7842,9/19/2009,30,920
7843,9/19/2009,7,104.2
7844,9/19/2009,11,3563.88
7845,7/13/2012,48,2531.66
7846,7/13/2012,29,5382.3105
7847,08/11/2011,30,199.11
7848,4/16/2010,47,19224.92
7849,4/16/2010,39,778.62
7850,02/01/2012,27,869.78
7851,02/01/2012,11,2503.008
7852,5/27/2010,47,298.3
7853,01/03/2009,29,122.23
7854,06/04/2009,13,1289.127
7855,5/19/2010,46,176.5
7856,5/19/2010,42,1546.8
7857,5/19/2010,35,3457.56
7858,09/05/2010,47,1124.3
7859,09/05/2010,11,43.57
7860,09/05/2010,23,2610.894
7861,2/19/2011,15,110.15
7862,2/19/2011,13,3335.27
7863,09/12/2009,48,8374.132
7864,02/06/2010,27,5149.06
7865,5/14/2010,41,73.36
7866,5/14/2010,33,3630.146
7867,5/29/2010,20,2213.92
7868,12/01/2010,5,118.06
7869,04/04/2009,47,228.46
7870,04/04/2009,19,77.61
7871,07/11/2012,9,1137.62
7872,12/02/2011,31,953.0455
7873,02/09/2011,50,1444.96
7874,02/09/2011,10,941.6215
7875,12/26/2012,38,95.71
7876,09/04/2011,47,21555.6
7877,6/24/2009,37,347.84
7878,11/30/2012,3,212.91
7879,11/30/2012,35,1275.61
7880,11/30/2012,3,5972.59
7881,04/09/2011,29,60.68
7882,04/09/2011,37,1129.055
7883,9/24/2012,34,210.24
7884,04/02/2010,3,1358.776
7885,05/08/2012,16,372.09
7886,5/28/2012,22,1239.4445
7887,9/17/2010,19,116.22
7888,10/06/2010,33,292.75
7889,4/24/2012,13,1191.73
7890,10/31/2012,44,192.78
7891,9/20/2010,37,321.02
7892,08/09/2011,17,42.29
7893,3/30/2011,42,4091.152
7894,03/05/2011,23,862.64
7895,08/07/2012,44,23775.56
7896,3/28/2012,43,337.01
7897,3/28/2012,50,6093.242
7898,12/04/2010,3,87.09
7899,12/04/2010,42,196.1
7900,6/29/2011,1,11.08
7901,5/13/2009,43,2438.7
7902,12/31/2010,26,299.11
7903,6/22/2010,4,268.7105
7904,01/03/2010,33,28389.14
7905,7/31/2009,5,142.3
7906,7/31/2009,8,21.93
7907,7/31/2009,35,26095.13
7908,7/31/2009,10,75.58
7909,7/31/2009,42,477.53
7910,10/02/2011,40,7789.63
7911,10/02/2011,20,15703.82
7912,10/02/2011,31,140.69
7913,06/12/2009,12,5177.4
7914,3/20/2012,42,243.06
7915,06/07/2010,19,141.96
7916,10/18/2012,39,239.4
7917,12/26/2010,5,21.32
7918,12/26/2010,42,457.51
7919,7/29/2011,13,589.78
7920,2/18/2012,4,159.256
7921,7/21/2012,10,628.73
7922,7/21/2012,23,385.81
7923,8/31/2010,40,271.34
7924,05/03/2011,47,1488.86
7925,6/30/2010,26,1050.16
7926,6/30/2009,42,344.57
7927,7/13/2009,47,4815.862
7928,01/12/2010,15,1057.06
7929,9/21/2010,21,2251.56
7930,8/16/2012,26,95.26
7931,12/22/2009,7,1120.86
7932,12/22/2009,2,11.51
7933,12/22/2009,45,6668.856
7934,6/23/2010,39,8407.08
7935,7/20/2009,26,2546.5235
7936,12/07/2011,45,341.39
7937,8/29/2012,32,153.98
7938,4/29/2012,1,11.64
7939,08/05/2011,22,79.04
7940,3/14/2010,24,1457.712
7941,5/20/2012,1,9.7
7942,10/24/2009,25,378.9
7943,10/24/2009,50,264.05
7944,5/30/2012,43,447.12
7945,2/22/2009,50,1633.37
7946,05/04/2012,5,14.61
7947,05/04/2012,4,665.7625
7948,3/27/2009,7,140.59
7949,6/15/2009,35,157.99
7950,6/15/2009,48,141.59
7951,4/16/2011,19,217.69
7952,5/27/2012,37,95.43
7953,11/21/2011,33,125.27
7954,08/09/2012,30,10994.74
7955,07/08/2011,17,135.38
7956,05/07/2011,16,1313.64
7957,1/23/2010,47,4524.907
7958,8/22/2012,43,283.18
7959,8/21/2010,31,951.31
7960,9/13/2012,25,1458.83
7961,8/16/2009,17,1210.72
7962,8/16/2009,18,93.26
7963,12/18/2009,15,437.87
7964,10/13/2012,43,2387.61
7965,2/27/2012,36,1921.1275
7966,7/16/2011,2,423.04
7967,7/16/2011,20,2197.4115
7968,8/31/2010,37,366.84
7969,11/27/2011,3,21366.51
7970,11/27/2011,34,320.04
7971,11/27/2011,12,88.57
7972,11/27/2011,13,73.97
7973,1/26/2011,19,92.24
7974,4/15/2011,4,31.14
7975,04/11/2010,8,30.17
7976,04/11/2010,25,1158.601
7977,10/08/2011,35,1477.63
7978,10/08/2011,3,19.46
7979,10/08/2011,22,148.8
7980,8/26/2011,35,1131.15
7981,2/24/2011,7,170.02
7982,01/04/2012,48,452.28
7983,01/04/2012,18,55.82
7984,11/16/2009,3,246.2
7985,10/14/2012,10,55.66
7986,08/11/2009,3,119.9
7987,9/26/2011,22,205.88
7988,12/28/2009,9,266.27
7989,12/28/2009,10,38.44
7990,04/09/2009,46,99.94
7991,04/09/2009,11,18.7
7992,03/07/2012,25,167.23
7993,12/18/2009,30,3659.66
7994,4/18/2012,7,53.46
7995,4/26/2010,43,17129.97
7996,8/21/2009,14,24105.87
7997,12/17/2010,50,881.65
7998,06/02/2012,33,584.511
7999,02/12/2012,43,639.71
8000,2/21/2011,7,525.555
8001,2/21/2011,39,276.029
8002,2/21/2011,1,187.204
8003,10/02/2010,23,193.79
8004,2/19/2012,12,56.73
8005,12/21/2012,7,157.03
8006,12/21/2011,14,304.52
8007,7/21/2011,36,132.86
8008,06/01/2009,6,55.77
8009,06/01/2009,34,2181.44
8010,05/01/2009,33,78.81
8011,04/05/2012,24,790.63
8012,10/15/2009,35,183.45
8013,6/19/2011,27,180.46
8014,8/21/2009,40,174.64
8015,8/21/2009,8,994.228
8016,9/28/2009,24,1239.81
8017,9/28/2009,41,273.32
8018,6/13/2012,21,146.25
8019,01/03/2009,12,262.76
8020,5/23/2009,40,104.39
8021,02/10/2012,14,1281.358
8022,04/09/2011,1,32.51
8023,04/09/2011,33,570.51
8024,01/03/2009,4,896.49
8025,2/22/2011,2,107.12
8026,2/22/2011,25,676.24
8027,2/22/2011,24,3668.6
8028,06/06/2010,30,160.68
8029,2/27/2009,16,1685.941
8030,02/08/2011,42,229.88
8031,7/25/2011,29,2896.14
8032,3/24/2012,8,86.38
8033,12/30/2011,29,852.75
8034,12/30/2011,26,172.33
8035,1/28/2009,36,267.53
8036,1/28/2009,31,1065.26
8037,5/15/2009,30,991.01
8038,5/15/2009,29,1267.42
8039,03/05/2011,49,14346.73
8040,03/05/2011,15,40.34
8041,03/05/2011,41,3951.6755
8042,9/30/2009,47,314
8043,9/30/2009,50,155.54
8044,8/19/2009,19,1133.4495
8045,07/12/2009,34,203.49
8046,07/12/2009,33,5638.798
8047,12/18/2012,25,1071.77
8048,12/18/2012,29,8635.61
8049,12/18/2012,2,63.96
8050,12/18/2012,50,833
8051,10/30/2010,43,1711.02
8052,12/15/2010,10,408.23
8053,9/15/2011,34,260.51
8054,9/15/2011,15,466.28
8055,01/05/2011,5,477.39
8056,01/05/2011,14,552.08
8057,6/29/2009,24,711.875
8058,06/06/2011,18,129.77
8059,10/30/2009,25,38.37
8060,06/04/2010,4,467.15
8061,5/30/2012,31,2976.21
8062,5/30/2012,37,1894.1655
8063,04/10/2012,8,60.17
8064,8/28/2012,24,68.5
8065,5/21/2012,48,1556.42
8066,5/21/2012,28,130.28
8067,07/10/2012,41,305.01
8068,07/10/2012,24,3583.52
8069,07/02/2011,14,2085.93
8070,12/09/2012,39,277.58
8071,12/09/2012,12,4887.14
8072,12/09/2012,44,7195.2585
8073,1/21/2009,33,11336.37
8074,1/21/2009,19,354.13
8075,1/21/2009,40,751.94
8076,03/02/2011,19,50.99
8077,11/02/2011,21,293.27
8078,02/07/2010,42,189.22
8079,7/24/2010,21,151.86
8080,7/24/2010,13,3583.87
8081,7/24/2010,45,4951.36
8082,08/03/2011,10,910.98
8083,8/20/2012,3,446.05
8084,11/07/2011,32,616.39
8085,2/19/2009,48,1838.19
8086,9/13/2010,20,984.6315
8087,6/16/2011,43,134.33
8088,6/16/2011,19,70.32
8089,12/19/2010,29,1768.13
8090,12/19/2010,23,147.05
8091,4/23/2011,9,1201.51
8092,5/31/2011,16,621.93
8093,5/31/2011,17,121.09
8094,3/22/2009,4,33.54
8095,8/30/2012,45,188.77
8096,2/17/2012,49,21141.07
8097,2/17/2012,4,76.8655
8098,02/03/2011,46,412.37
8099,7/21/2012,4,240.49
8100,12/06/2010,27,322.46
8101,5/27/2011,48,836.59
8102,5/27/2011,21,58.14
8103,5/27/2011,49,891.6075
8104,05/02/2011,18,231.06
8105,03/03/2012,41,1665.81
8106,06/03/2009,15,107.86
8107,06/03/2009,13,305.6
8108,06/03/2009,8,447.0405
8109,01/10/2009,16,112.81
8110,5/31/2012,43,277.08
8111,2/14/2010,12,174.11
8112,8/31/2009,6,18.02
8113,05/12/2011,42,271.14
8114,09/06/2009,17,108.11
8115,06/04/2010,21,86.64
8116,08/09/2012,11,131.12
8117,4/23/2009,10,29.12
8118,10/04/2012,47,307.37
8119,10/31/2011,36,1749.07
8120,10/31/2011,14,37.9
8121,03/09/2009,21,118.51
8122,8/22/2009,40,2055.98
8123,4/19/2009,29,2317.65
8124,4/19/2009,41,4987.73
8125,08/11/2011,23,3301.33
8126,08/11/2011,28,126.95
8127,11/03/2011,22,3329.27
8128,4/25/2009,5,126.95
8129,06/12/2009,25,2612.89
8130,06/12/2009,47,1146.992
8131,11/16/2011,42,199.24
8132,11/16/2011,3,504.6705
8133,3/27/2010,43,1338.12
8134,2/17/2009,44,242.46
8135,2/17/2009,10,607.77
8136,2/17/2009,22,954.57
8137,2/17/2009,5,8767.62
8138,12/09/2009,13,1582.47
8139,2/20/2012,2,6.93
8140,7/15/2011,26,2808.08
8141,7/15/2011,24,1761.4
8142,7/15/2011,23,160.2335
8143,10/30/2011,8,43.29
8144,10/30/2011,6,41.7
8145,01/12/2010,37,199.76
8146,08/01/2012,6,21134.71
8147,8/21/2011,23,3872.87
8148,8/21/2011,9,356.72
8149,11/02/2012,40,158.7
8150,10/05/2012,3,62.54
8151,10/05/2012,24,2750.107
8152,09/10/2009,14,1463.0965
8153,09/10/2009,38,246.3
8154,4/25/2012,9,3064.27
8155,4/25/2012,22,475.72
8156,4/25/2012,15,123.91
8157,4/29/2009,28,2841.4395
8158,11/06/2011,20,152.44
8159,3/21/2012,16,123.85
8160,4/24/2012,7,55.38
8161,5/26/2009,40,14451.75
8162,7/20/2009,34,226.83
8163,7/20/2009,16,278.92
8164,10/12/2012,15,448.07
8165,10/12/2012,20,38.29
8166,12/20/2009,12,17274.87
8167,01/08/2009,25,21752.01
8168,05/07/2010,12,1079.19
8169,05/07/2010,3,19.05
8170,04/08/2011,32,1141.37
8171,3/21/2009,37,522.62
8172,08/04/2012,4,30.95
8173,08/04/2012,48,1449.301
8174,5/15/2009,34,286.9
8175,5/15/2009,16,46.4
8176,4/14/2012,4,72.0035
8177,07/01/2009,40,17279.62
8178,07/01/2009,20,120.3
8179,5/23/2010,8,822.3495
8180,01/03/2011,9,79.64
8181,01/03/2011,25,1527.42
8182,04/03/2011,26,123.16
8183,5/25/2009,10,165.04
8184,1/16/2012,33,3633.03
8185,09/10/2010,29,1222.59
8186,09/04/2011,37,2912.015
8187,08/07/2010,12,81.9
8188,5/23/2010,14,74.02
8189,5/23/2010,22,1276.17
8190,3/28/2012,41,823.13
8191,3/28/2012,30,569.61
8192,3/28/2012,27,75.06
8193,3/28/2012,46,225.13
8194,08/10/2009,23,121.73
8195,12/27/2011,49,2072.12
8196,12/27/2011,33,151.19
8197,4/17/2009,2,226.882
8198,5/21/2010,46,398.86
8199,5/21/2010,44,109.18
8200,5/21/2010,5,28.59
8201,2/22/2011,19,65.85
8202,8/14/2009,43,181.5
8203,11/24/2009,11,194.174
8204,6/15/2011,21,49.23
8205,04/07/2010,49,657.94
8206,04/07/2010,19,1270.73
8207,10/18/2012,39,243.05
8208,10/20/2009,31,1768.969
8209,12/04/2012,34,210.06
8210,10/19/2011,43,24233.54
8211,10/19/2011,45,6325.65
8212,10/19/2011,2,380.62
8213,05/09/2012,22,763.85
8214,05/09/2012,2,12.59
8215,3/21/2009,30,186.79
8216,2/16/2012,4,31.18
8217,2/16/2012,8,21.99
8218,11/29/2010,37,438.07
8219,11/29/2010,19,116.37
8220,3/30/2012,35,2339.64
8221,10/27/2012,26,519.96
8222,10/27/2009,26,2951.438
8223,8/17/2011,13,50.19
8224,04/05/2011,38,5793.46
8225,04/05/2011,11,4558.21
8226,04/05/2011,26,4361.6985
8227,2/26/2009,22,184.35
8228,2/26/2009,20,10281.79
8229,05/05/2011,46,6637.63
8230,05/05/2011,13,928.9055
8231,12/24/2009,38,281.17
8232,12/24/2009,10,194.65
8233,4/20/2010,20,2022.18
8234,11/23/2009,9,351.06
8235,07/07/2009,13,42.27
8236,4/17/2012,5,455.08
8237,03/09/2010,23,239.49
8238,03/09/2010,14,1819.153
8239,04/07/2011,43,816.11
8240,11/21/2012,27,6785.86
8241,9/17/2010,20,127.16
8242,06/01/2012,21,2580.67
8243,06/01/2012,19,955.46
8244,06/01/2012,3,121.26
8245,03/06/2009,14,3236.8
8246,1/23/2009,18,1383.2
8247,9/25/2011,36,1793.24
8248,9/25/2011,2,143.667
8249,09/04/2009,5,25.27
8250,09/04/2009,37,14410.78
8251,09/04/2009,39,15341.46
8252,09/04/2009,6,507.5605
8253,2/19/2012,42,128.13
8254,03/03/2011,8,441.8045
8255,11/13/2009,31,835.11
8256,11/13/2009,10,54.52
8257,5/21/2009,1,10.17
8258,5/21/2009,4,23.58
8259,11/28/2012,12,1272.35
8260,11/28/2012,26,4000.35
8261,11/28/2012,26,3356.92
8262,5/29/2012,19,1823.02
8263,5/29/2012,26,74.02
8264,5/29/2012,13,2252.976
8265,7/28/2009,4,13070.2
8266,09/07/2012,5,495.32
8267,09/07/2012,11,2483.53
8268,09/07/2012,26,967.41
8269,07/03/2011,46,27720.98
8270,07/03/2011,29,520.13
8271,7/14/2011,35,926.65
8272,3/22/2012,9,20.21
8273,9/22/2012,23,143.1
8274,9/22/2012,36,795.52
8275,9/22/2012,44,126.36
8276,9/22/2012,24,496.62
8277,4/20/2011,4,43.29
8278,11/05/2011,9,337.2035
8279,02/05/2011,41,17448.75
8280,02/02/2010,12,77.01
8281,02/02/2010,34,111.83
8282,02/02/2010,23,6552.9
8283,11/04/2010,35,209.63
8284,4/18/2012,1,1996.16
8285,8/19/2012,47,316.99
8286,8/19/2012,20,1991.8985
8287,9/16/2012,34,226.41
8288,3/20/2010,48,10462.54
8289,02/10/2011,4,539.82
8290,02/10/2011,6,1029.8855
8291,02/07/2012,45,299.94
8292,07/12/2011,23,149.31
8293,10/03/2010,5,53.01
8294,12/07/2010,7,44.64
8295,12/07/2010,41,1289.62
8296,10/02/2010,48,313.52
8297,3/21/2009,44,2587.53
8298,1/21/2009,41,312.26
8299,1/21/2009,40,4152.55
8300,2/27/2012,43,894.51
8301,7/27/2010,23,164.02
8302,7/27/2010,23,136.81
8303,7/27/2010,26,4701.69
8304,02/07/2010,21,109.87
8305,02/07/2010,37,816.65
8306,1/14/2012,38,17605.77
8307,07/05/2011,7,55.68
8308,07/05/2011,47,14588.28
8309,07/05/2011,27,2675.08
8310,5/15/2010,47,280.45
8311,9/29/2012,50,481.23
8312,9/29/2012,41,265.39
8313,9/29/2012,8,56.5
8314,03/10/2009,3,18888
8315,08/04/2009,37,388.9
8316,08/07/2009,26,172.01
8317,9/27/2010,26,2268.91
8318,11/09/2010,43,2337.89
8319,02/02/2012,48,314.34
8320,5/23/2011,42,113.33
8321,03/10/2011,47,603.69
8322,02/09/2009,43,10318.72
8323,12/21/2010,38,82.93
8324,11/26/2012,40,323.96
8325,11/26/2012,10,175.8565
8326,7/14/2009,30,189.04
8327,10/18/2009,22,1333.19
8328,1/27/2012,21,6688.66
8329,1/27/2012,22,247.45
8330,1/27/2012,7,685.7205
8331,1/27/2012,40,3232.1335
8332,12/20/2009,13,129.9
8333,7/27/2012,42,1587.59
8334,07/10/2011,33,5964.19
8335,07/10/2011,15,109.2
8336,6/29/2011,17,57.96
8337,11/22/2010,9,1418.956
8338,9/13/2010,4,284
8339,4/15/2010,8,269.14
8340,8/13/2012,12,214.94
8341,9/18/2009,16,88.24
8342,03/08/2012,31,4878.64
8343,08/09/2010,32,2288.642
8344,02/01/2012,9,17965.45
8345,5/17/2010,39,173.47
8346,5/17/2010,48,2832.88
8347,10/31/2011,45,9248.74
8348,10/31/2011,21,98.88
8349,7/16/2011,47,255.65
8350,01/09/2012,48,113.98
8351,01/09/2012,5,88.94
8352,4/23/2012,10,2193.93
8353,4/23/2012,11,812.498
8354,4/23/2012,37,4657.6515
8355,8/30/2012,29,2700.78
8356,04/03/2012,8,168.99
8357,05/08/2012,14,2045.066
8358,05/08/2012,4,26.41
8359,2/26/2012,35,322.82
8360,07/01/2009,35,4233.15
8361,07/03/2010,11,54.61
8362,03/02/2010,6,25.84
8363,2/16/2009,24,129.53
8364,01/11/2010,42,1767.47
8365,01/11/2010,11,2164.07
8366,01/11/2010,47,1276.73
8367,11/10/2009,7,754.92
8368,06/03/2010,19,61.02
8369,06/03/2010,31,878.77
8370,09/03/2012,6,22.89
8371,09/03/2012,18,271.85
8372,7/29/2010,46,12719.7
8373,7/29/2010,48,109.78
8374,4/20/2010,26,561.66
8375,4/20/2010,19,1851.62
8376,07/02/2009,24,2453.3
8377,07/02/2009,29,147.02
8378,12/16/2012,50,1558.9425
8379,02/04/2010,48,257.39
8380,4/28/2012,36,163.54
8381,4/28/2012,31,2390.54
8382,6/28/2011,48,4644.87
8383,4/26/2009,9,38.96
8384,05/06/2011,38,978.4
8385,05/06/2011,47,5126.418
8386,11/07/2010,23,82.12
8387,5/15/2010,8,22.85
8388,5/15/2010,16,12007.05
8389,4/17/2011,31,5347.9875
8390,09/12/2012,43,322.47
8391,9/15/2009,49,1488.66
8392,10/08/2010,25,2200.64
8393,07/09/2012,34,1041.66
8394,7/30/2011,41,10071.09
8395,08/09/2010,8,1294.04
8396,08/09/2010,23,392.57
8397,04/08/2011,37,823.78
8398,04/08/2011,8,469.8375
8399,02/08/2009,20,2026.01
